3964 5218
239 263 321 364 '392
390 195 393 204 ¹
510 355 512 358 ⁸
566 275 568 280 ·
708 229 873 366 Poly'list.
897 248 1092 360 Philofipb.
1108 252 1184 337 Lib.
1199 228 1370 338 ll'Part.
1386 250 1431 338 ΙΙ.
1516 199 1551 304 f

231 397 310 514 ¹vel
326 429 633 536 sanguinolentos.
684 425 803 534 Quod
823 425 1014 532 lapidibus,
1027 427 1232 528 frumentis,
1250 427 1427 527 muribus,
1437 425 1605 532 piscibus,
1618 431 1697 522 imo
1711 429 1841 508 vitulis
1858 453 1910 510 et·

249 539 332 636 um,
357 534 502 636 pluerit,
516 533 738 610 narrationes
754 529 846 706 sung
861 553 943 630 quae
958 528 1071 604 fidem
1087 527 1275 704 superant3
1300 527 1459 628 ideoque
1472 527 1517 604 ad
1537 530 1646 606 aniles
1661 529 1801 612 fabulas
1818 533 1910 610 rele·

837 654 924 706 ucus
937 627 1046 730 fit‚in
1060 653 1172 706 cauae
1186 627 1357 737 Elenchis
1374 627 1642 729 frequentibus.¹
1686 649 1689 656 ·
1753 724 1765 741 i

246 634 388 743 gandae.
440 633 569 738 Vulgo
585 634 685 710 enim
700 629 802 708 facile

184 834 205 910 3
351 798 515 878 Pertinet
530 800 568 877 dt
583 799 657 876 huc
672 799 729 875 illa
744 798 876 902 opinio
891 795 1135 898 quorundam,
1150 787 1254 897 quod
1267 773 1363 874 ranis
1377 797 1489 900 pluat,
1508 795 1681 898 suntque,
1704 799 1770 898 qui
1782 797 1829 878 ‘se
1849 805 1909 880 ὼ.

249 892 382 988 rivulus
400 897 505 979 testes
523 898 777 1001 profiteanntr,
793 924 888 1000 quos
906 921 1027 978 tamen
1042 899 1080 976 ἃ
1096 922 1171 1001 ego
1186 897 1259 974 falli
1272 897 1395 974 credo.
1444 897 1529 994 Job.
1548 899 1700 976 Marcus
1715 901 1838 976 Marci
1854 903 1912 976 bic

249 1007 385 1080 iterum
401 1002 440 1076 in
458 999 553 1084 ideis
567 998 637 1076 suis
653 998 860 1102 praesidium
875 1001 1023 1098 quaerit:
1049 1019 1154 1100 putat
1171 999 1281 1096 enim,
1298 995 1407 1098 ideas,
1422 1022 1492 1101 per
1508 999 1671 1101 pluviam
1685 998 1834 1100 delatas,
1852 999 1912 1078 sta·

251 1105 376 1178 amur
390 1103 429 1176 in
445 1123 579 1177 terram
592 1099 737 1198 eadunt,
760 1124 899 1201 corpus
916 1097 981 1174 fibi
992 1097 1183 1196 quoddam
1197 1122 1243 1174 ex
1258 1099 1349 1175 limo
1370 1097 1545 1176 fabricari.
1596 1095 1842 1275 ondcerte
1862 1104 1912 1176 ni-

250 1203 321 1279 mis
341 1201 443 1278 Meta
472 1194 720 1302 hysrcumest,
731 1224 776 1276 ne
791 1197 907 1275 dicam
924 1194 1217 1300 superstitiosum.
1267 1197 1475 1276 Franciscus
1491 1197 1625 1298 Rhedi,
1662 1203 1803 1278 atritim
1818 1203 1913 1277 Are·

248 1305 359 1403 tinus,
370 1313 404 1376 in
415 1227 494 1376 lisa
509 1299 720 1378 dosiisfimo
738 1301 777 1375 de
790 1299 918 1401 insessis,
934 1299 1033 1375 idem
1049 1320 1309 1403 argumentum
1325 1301 1433 1376 etiam
1457 1298 1597 1399 tradat,
1621 1299 1723 1400 cujus
1738 1301 1823 1378 haec
1840 1301 1911 1378 seo·

249 1405 361 1480 tentia
375 1401 446 1478 este
472 1403 586 1495 Rana!
601 1403 682 1502 illae,
699 1426 799 1501 quas,
815 1400 1007 1477 decidente
1018 1396 1489 1502 pluvia,videmus„diebus
1502 1402 1643 1500 aliquot
1664 1401 1748 1478 an'te
1769 1401 1910 1518 lapsum

279 1504 399 1602 luviae‚
414 1523 509 1586 natae
521 1501 615 1602 sunt,
634 1503 673 1580 dt
687 1505 725 1578 in
741 1499 835 1578 dcco
855 1522 1041 1578 morantes
1055 1503 1151 1576 inter
1165 1492 1313 1578 dumeta
1325 1499 1371 1578 s&
1392 1498 1483 1601 saxa,
1503 1504 1585 1576 'vel
1611 1521 1718 1579 terrae
1737 1526 1910 1580 cavitates

54 1599 58 1608 ’
148 1629 152 1634 ·
249 1529 472 1702 delitescunt,
489 1603 539 1702 dt,
554 1605 638 1702 quia
655 1617 760 1679 terrae
775 1595 995 1680 concolores
1011 1597 1104 1700 sunt,
1123 1596 1345 1678 subsidentes
1358 1600 1397 1678 dt
1420 1603 1627 1678 immotaea
1669 1601 1798 1679 uivere
1814 1601 1909 1680 haud

239 1704 350 1780 ⁴facile
380 1703 641 1780 discernuntur.
691 1699 808 1802 Cujus
830 1701 890 1778 ille
908 1699 1074 1777 evidens*
1093 1721 1354 1804 argumentum
1372 1699 1532 1801 adducit,
1550 1627 1668 1803 quod)
1681 1699 1909 1780 stomachum

247 1805 401 1907 plenum
420 1803 502 1903 cibi,
525 1800 740 1880 &intestina
753 1803 861 1905 plena
878 1822 1216 1900 excrementorum,
1227 1824 1273 1877 eo
1286 1801 1380 1903 ipso,
1401 1825 1479 1901 quo
1500 1825 1592 1880 natae
1609 1802 1908 1905 creduntur‚mo

238 1927 379 1980 mento
397 1904 542 1980 habent.
593 1900 759 1978 Adducit
779 1903 817 1978 dt
840 1899 948 1999 hujus
968 1899 1038 1994 suae
1067 1899 1251 1978 sententiae
1274 1897 1584 1979 confirmatorem
1605 1903 1719 1980 Theo
1749 1901 1908 1982 hrastum

220 2019 223 2026 ’
249 2004 426 2102 Eresrum,
441 2001 646 2081 Aristotelis
664 2001 890 2102 discipulum,
916 1999 1017 2097 cujus
1038 1996 1148 2075 libelli
1169 2000 1292 2076 titulus
1313 2001 1352 2078 dt
1372 2026 1633 2108 argumentum
1654 2004 1702 2105 in,
1743 2003 1908 2082 ibliothe-

247 2131 289 2182 ca
311 2105 489 2181 photiana
502 2103 659 2180 refertur
673 2102 752 2208 περὶ
767 2106 832 2181 τῶν
847 2099 985 2204 ἀθρόως
998 2101 1198 2202 φαινομένων
1212 2100 1310 2204 ξύων,
1326 2103 1366 2177 dc
1380 2101 1561 2176 anmalibw
1570 2103 1906 2209 suitoupparnuibus.

250 2205 349 2282 Mihi
363 2203 511 2297 videtur
525 2205 582 2280 illa
600 2203 706 2278 valde
722 2201 939 2280 verolimilis
961 2205 1066 2302 tatio,
1084 2203 1143 2277 cui
1156 2201 1242 2278 addi
1257 2203 1332 2279 hoc
1349 2201 1483 2307 potest,
1502 2203 1622 2289 odore
1639 2207 1776 2310 pluviae
1798 2208 1837 2283 dt
1853 2230 1906 2281 ro·

109 2315 113 2332 ·
250 2309 298 2383 ris
316 2308 462 2382 evocari
479 2303 1008 2408 plerumque'rstaanimalcula,
1024 2305 1077 2378 uti
1092 2301 1129 2377 ἃ
1150 2302 1372 2399 lumbricos3
1396 2301 1469 2382 istis
1489 2306 1589 2379 enim
1597 2303 1719 2408 succis,
1738 2299 1906 2386 veluti'la·

252 2406 309 2484 &e
331 2408 470 2505 aliquo,
489 2408 708 2482 nutriuntur.
751 2402 909 2498 jHonor.
924 2403 1032 2478 Fabri
1051 2402 1156 2474 Τννὶέ.
1171 2402 1255 2480 ὀλῶ.
1265 2430 1297 2497 3.
1358 2405 1494 2507 aposita.
1508 2413 1534 2490 ς.
1543 2429 1581 2491 17·
1604 2403 1723 2484 statuit
1741 2431 1821 2482 non
1837 2408 1904 2506 qui-

244 2511 337 2584 dem
355 2525 440 2582 cum
463 2506 588 2608 pluvia
604 2503 772 2580 decidere
790 2519 906 2599 ranas,
923 2502 982 2578 sed
997 2522 1117 2577 tamen
1136 2501 1221 2605 post
1234 2505 1292 2604 lap
1334 2529 1373 2578 m
1387 2526 1575 2607 guttarum
1594 2511 1782 2611 generari3
1807 2505 1903 2608 quod

243 2609 453 2684 ¹milaicerte
472 2603 678 2682 verosimile
693 2604 789 2680 nulla
802 2605 943 2682 ratione
957 2600 1112 2677 videtur.
1163 2602 1258 2694 Non
1266 2603 1371 2678 ‚enim
1390 2603 1514 2704 video,
1538 2631 1624 2706 *qua
1648 2611 1791 2686 ratione
1816 2632 1903 2712 pene

251 2711 289 2784 in
303 2705 446 2783 instanti
457 2730 597 2808 corpus
616 2703 765 2803 aliquod
781 2704 950 2806 generari
965 2699 1086 2806 polsrt,
1097 2702 1201 2800 quod
1216 2702 1327 2779 habet
1340 2727 1461 2806 partes
1475 2704 1552 2783 suas
1568 2705 1816 2822 organicas&
1834 2736 1903 2786 noa

250 2808 302 2886 est
315 2808 476 2882 minime
491 2809 709 2905 quantitatis,
728 2826 770 2881 ut
784 2825 882 2879 certe
900 2799 1120 2899 successione
1137 2803 1254 2902 aliqua
1278 2809 1459 2907 temporis
1483 2831 1579 2910 opus
1601 2810 1655 2907 lit,
1680 2807 1771 2885 dum
1792 2832 1904 2912 partes

253 2931 310 2984 tot
324 2904 603 3009 producantur„
635 2907 804 2984 Remittit
819 2927 889 2981 nos
903 2903 950 2980 ad
967 2901 1104 2979 librum
1119 2901 1222 2980 suurn
1238 2907 1279 2978 de
1296 2905 1564 3009 animalibus,'qui
1579 2933 1678 2985 nunc
1697 2933 1777 2987 non
1800 2909 1901 2987 estad

249 3031 390 3084 manus.

355 3129 459 3218 Inter
470 3139 641 3216 Mereora
653 3141 766 3236 aquea
781 3143 848 3216 Ros
863 3164 1014 3240 quoque
1029 3139 1091 3242 est,
1107 3144 1172 3241 qui
1188 3165 1318 3248 Parum
1338 3129 1461 3242 differt
1478 3169 1497 3222 a
1513 3143 1648 3262 pluvia,
1666 3145 1731 3223 nifi
1747 3150 1901 3250 quodvi-

252 3239 379 3318 deatut
394 3244 510 3350 magis
524 3243 787 3342 impregnatur
801 3231 983 3343 spiritibus
998 3239 1112 3336 salinis
1126 3243 1164 3320 bt
1180 3242 1335 3341 nitrosis.
1388 3244 1476 3346 Ejus
1490 3269 1546 3322 vrs
1566 3245 1797 3348 frequentior
1812 3275 1902 3340 autu·

253 3367 345 3418 mno
360 3341 399 3418 a<
413 3365 532 3418 verno
562 3346 744 3440 tempore,
783 3343 871 3440 quia
894 3343 1012 3444 major
1037 3366 1124 3420 tunc
1143 3343 1281 3422 humor
1294 3346 1334 3422 in
1348 3343 1463 3422 aeter
1514 3369 1585 3447 nat,
1600 3345 1683 3426 solis
1704 3345 1799 3428 vero
1815 3355 1903 3432 calor

253 3444 492 3546 temperatior
517 3439 580 3540 eli,
593 3461 638 3516 ut
652 3464 730 3516 non
750 3437 865 3518 statim
881 3441 1082 3522 consumat.
1132 3423 1279 3522 Nubilo
1301 3445 1339 3524 dt
1356 3468 1470 3523 vento
1486 3473 1510 3522 o
1531 3449 1625 3524 cralo
1647 3473 1724 3526 non
1749 3476 1902 3555 apparet,

251 3567 334 3620 tum
351 3542 456 3642 quod
476 3541 578 3618 venti
600 3563 756 3641 vapores
776 3539 962 3716 dissipent,
977 3565 1057 3621 tum
1077 3543 1182 3644 quod
1193 3571 1264 3622 una
1279 3571 1364 3624 cum
1376 3545 1533 3623 nubibus
1550 3549 1723 3626 elevetur.
1774 3553 1811 3628 Si
1828 3559 1902 3632 acri·

103 3659 133 3676 ’”“
256 3644 418 3719 moniam
434 3643 582 3718 nimiam
600 3637 799 3718 admixtam
816 3640 862 3718 ha
889 3643 1262 3742 et‚nocetinterdum
1281 3645 1336 3720 fru
1368 3645 1458 3723 ibus.
1508 3647 1705 3750 Tempore
1722 3653 1903 3753 plenilunii

255 3737 543 3844 majorellroris
559 3743 676 3841 copia,
693 3739 808 3818 statim
856 3741 912 3834 ost
928 3743 1093 3824 occasum
1111 3745 1195 3821 solis
1211 3747 1314 3828 cadit.
1389 3746 1487 3822 eillo
1500 3747 1703 3852 elegantem
1719 3758 1901 3856 Disquifitia·

257 3871 328 3916 aum
331 3844 485 3947 physicam
521 3841 711 3918 eculiarem
721 3841 812 3950 scrip
829 3865 857 3922 rt
870 3843 999 3941 johan.
1013 3843 1191 3944 Nardlus,
1204 3845 1451 3945 Florentinus,
1465 3839 1666 3926 Flosentiae
1677 3849 1792 3929 Anno
1808 3865 1900 3955 1642.
1958 3895 1959 3938 ν

257 3945 295 4020 in
308 3967 373 4042 4to
385 3946 475 4054 juris
488 3867 616 4021 sselam
635 3944 783 4052 publici,
791 3951 828 4024 in
838 3971 916 4046 quo
924 3945 1046 4023 libello
1062 3947 1173 4024 multa
1191 3945 1343 4048 curiosa,
1359 3946 1405 4023 ad
1418 3972 1543 4025 rorem
1559 3947 1766 4054 spesiantia,
1782 3955 1901 4055 disqui·
1958 3943 1959 3978 ¹

257 4068 397 4122 runtur.
422 4046 585 4125 Multum
597 4067 718 4122 autem
737 4048 821 4124 lacit
834 4047 879 4126 ad
896 4047 1168 4150 vegetationem
1204 4048 1392 4146 lanearum,
1407 4048 1447 4126 aa
1458 4048 1504 4124 ad
1518 4045 1828 4144 foecundatipnem
1839 4061 1900 4134 illa·

256 4149 535 4246 rum‚quoniam
550 4147 708 4224 multum
725 4147 801 4224 salis
816 4144 942 4225 nitrosr
955 4145 1162 4224 admixtum
1174 4072 1295 4226 saber.
1346 4147 1640 4226 HincCabalistae
1654 4155 1900 4260 rorem&plu·

257 4249 355 4322 viam
370 4271 503 4324 vocant
523 4270 633 4348 aquas
653 4248 859 4349 superiores
877 4249 914 4324 dt
934 4245 1166 4346 masculinas,
1202 4271 1312 4348 aquas
1333 4273 1426 4326 vero
1447 4248 1650 4349 inferiores,
1689 4253 1897 4358 urflumina,

256 4371 366 4445 aquas
382 4347 596 4426 foemininas.
649 4348 775 4450 Qare
789 4349 874 4422 Baal
890 4347 973 4422 Tabb
988 4355 1116 4421 Haarcz
1126 4351 1244 4446 salat.
1261 4353 1364 4444 Cal4.
1380 4349 1428 4426 de
1441 4351 1533 4428 Nilo
1549 4349 1666 4428 fluvio
1685 4353 1746 4454 ita,
1787 4359 1843 4434 vel
1856 4358 1901 4434 sa*

106 4451 113 4552 ζ
257 4445 412 4553 bulatur,
433 4449 493 4529 vel
511 4468 717 4552 argutarur:
742 4447 866 4526 Deum
889 4447 1038 4556 singulis
1060 4453 1184 4552 annis,
1209 4452 1303 4528 circa
1316 4447 1522 4554 solstitium,
1544 4451 1736 4556 M.Junio,
1757 4455 1922 4558 dejicere·

477 4583 483 4590 ·
1768 4581 1895 4662 guttam
