3908 5202
186 291 275 402 ¹aas
496 254 498 263 '
744 235 1099 380 adornamur
1129 243 1308 386 nnita

136 473 140 496 ’
202 449 369 528 vecotius
383 454 416 522 iu
430 449 556 522 Florum
576 444 620 524 ὃ*
637 447 819 520 Suetonium
838 467 915 520 non
937 445 1093 520 omnino
1115 439 1316 545 privandus
1336 438 1387 516 est
1409 441 1579 520 acutioris
1597 441 1725 543 judicii
1745 443 1871 532 laude,

202 553 243 628 in
257 572 381 626 rerum
394 548 593 626 momentis
638 541 874 644 acquirendis.
927 543 1047 624 Etiam
1062 541 1278 642 Christopb.
1297 539 1369 616 Ad.
1384 541 1582 644 Rupertus,
1612 546 1650 618 in
1667 551 1874 621 Commetar-

204 657 263 723 riis
274 648 343 725 suis
357 657 390 720 in
405 651 541 731 Florum,
556 651 600 718 Vt
626 654 700 746 jum
714 645 751 722 δι
764 645 934 742 Salustium
950 664 1217 744 nonnunquam
1232 639 1381 718 Politice
1396 643 1525 746 tangit,
1537 641 1600 718 sed
1613 645 1737 744 rarius,
1750 645 1876 721 inHi-

200 745 346 826 storicis
360 747 399 824 ὃ(
413 747 651 848 philologieis
668 746 893 846 occupatior:
942 743 1047 919 (Ψ
1061 743 1238 844 Trajanus
1253 735 1465 823 Buccalinus
1480 745 1519 818 in
1540 749 1708 817 comment.
1728 743 1792 822 suo
1809 745 1876 847 fit·

201 869 265 953 par
283 854 438 932 Tacitum,
457 845 577 922 Italica
593 846 717 948 lingua
731 842 879 946 scripto,
893 847 987 945 prael
1004 847 1111 944 terit,
1132 867 1217 920 cum
1234 840 1410 919 'nondum
1435 843 1600 1018 legerim,
1619 847 1878 946 pronunciare

196 947 366 1049 nequeo.
414 944 532 1044 Olim,
548 965 727 1044 tanquam
738 947 910 1046 Καμήλων
925 943 1131 1022 servabatur
1145 946 1183 1018 in
1199 941 1442 1020 Entditorum
1491 943 1707 1046 ibliotbecis,
1729 971 1835 1022 nunc
1853 973 1876 1024 a

209 1049 340 1128 Blavio
355 1043 473 1122 editus
488 1043 551 1144 est,
568 1048 631 1144 qui
649 1043 907 1122 cBibliotbeca
920 1043 1088 1120 Gudiana
1102 1041 1219 1144 ipsum
1239 1044 1386 1144 accepit.
1435 1042 1529 1144 Legi
1552 1042 1600 1119 de
1625 1044 1690 1121 illo
1715 1043 1878 1147 poliunt

210 1145 716 1248 ErythraeusinPiutcothttas.
725 1167 759 1248 p.
769 1145 876 1231 aya&
894 1141 1075 1221 Cmffusin
1083 1149 1197 1246 Eiogit's
1207 1143 1365 1214 hontiuttm
1376 1145 1580 1216 literatorum
1598 1148 1636 1220 P.
1644 1171 1664 1218 ι.
1677 1168 1710 1248 p.
1720 1171 1773 1239 [ῳ.
1832 1149 1877 1222 Si
1950 1157 1951 1172 ¹

210 1271 299 1324 meo
319 1247 401 1346 quis
415 1245 542 1322 utihic
559 1242 709 1322 confilio
725 1247 826 1342 velit,
840 1242 1016 1342 suaserim,
1035 1262 1077 1320 ut
1094 1247 1175 1343 quis
1197 1239 1367 1318 conficiat
1380 1243 1575 1346 generales
1600 1243 1726 1324 Locos
1747 1245 1879 1326 Com·

170 1379 173 1386 ·
211 1371 345 1427 munes
359 1339 1459 1448 exhisomnibusCommentatoribus,diligenterAuslorum
1475 1342 1554 1418 loca
1568 1344 1753 1442 notand03
1778 1373 1879 1447 qua·
1951 1425 1952 1432 .

206 1437 256 1523 lis
269 1443 412 1523 laborfi
432 1447 469 1522 in
486 1443 672 1546 publicum
689 1443 858 1547 prodiret
891 1468 969 1520 non
984 1463 1058 1520 tam
1073 1445 1226 1544 impune
1246 1439 1360 1517 furari
1382 1441 1525 1544 possent
1544 1442 1784 1544 Scriptorculi
1810 1473 1878 1525 ce-

211 1549 292 1646 teri,
313 1549 376 1645 qui
396 1545 442 1620 de
455 1545 578 1622 charte
592 1545 630 1620 in
644 1543 833 1645 Papyrum
848 1503 1016 1644 (inibunt,
1036 1542 1074 1619 ἃ
1088 1546 1250 1618 exunius
1262 1542 1335 1617 loci
1350 1543 1592 1643 parallelismo
1608 1565 1750 1644 ornnes,
1766 1573 1877 1647 quos
1951 1531 1952 1554 Ν

100 1683 104 1690 v
209 1644 514 1750 inueniuntapurl
530 1641 851 1724 Commentatores
871 1660 1082 1751 anrrotatos,
1120 1643 1289 1727 redituro
1325 1638 1469 1746 semper
1502 1644 1543 1720 in
1564 1641 1696 1722 orbem
1724 1646 1879 1754 labores,

209 1767 437 1826 coacervant.
538 1823 541 1830 ,
1335 1780 1339 1789 ’
1619 1777 1622 1790 ·
1735 1776 1742 1808 2

156 1969 200 2048 ¹3
308 1945 601 2028 Srucuraass
625 1947 1027 2030 Drsssurarrouss
1052 1946 1159 2026 multi
1194 1945 1393 2050 scripsere:¹
1420 1944 1617 2050 Elegantes
1657 1947 1740 2028 sunt
1779 1950 1878 2046 Joh.

204 2045 325 2126 Henr.
340 2047 494 2126 Boecleri
516 2047 749 2150 Dtffmuimos
761 2053 957 2139 Attdtmicae,
984 2074 1061 2126 uno
1081 2048 1284 2126 Volumine
1311 2047 1466 2150 Argent.
1483 2059 1593 2144 ¹⁶58·
1608 2050 1646 2124 in
1665 2065 1741 2140 guo
1764 2075 1877 2132 com-

204 2146 404 2250 prehense.
421 2151 468 2248 f)
517 2149 555 2225 Si
597 2153 650 2226 uis
665 2148 938 2246 Dissertationes
951 2151 989 2225 in
1008 2171 1200 2248 tetramque
1215 2168 1357 2250 partem
1371 2149 1471 2247 velit,
1491 2149 1551 2222 vel
1566 2147 1874 2236 Consultationes

96 2277 104 2308 a
155 2307 161 2316 .
203 2248 331 2350 potius
349 2258 387 2326 in
403 2249 513 2329 causas
527 2252 590 2349 qui
618 2245 745 2326 usilam
758 2249 978 2354 specialibus,
992 2247 1030 2326 in
1046 2247 1233 2352 singularis
1248 2245 1457 2426 reippblicae
1478 2251 1704 2363 argumentis
1724 2251 1877 2332 versan-

205 2370 273 2446 tes,
293 2371 417 2426 earum
438 2339 585 2456 elegans
602 2349 787 2451 specimen
806 2347 956 2427 exhibet
969 2351 1121 2426 Marcus
1143 2349 1297 2444 Zuerius
1345 2347 1561 2450 oxhorntus,
1581 2351 1618 2423 in
1636 2353 1875 2454 Disquwfinoru.

204 2446 277 2546 bus,
283 2451 438 2552 politicis,
463 2447 596 2549 quibus
615 2471 881 2550 proponuntur
902 2475 944 2526 ac
966 2447 1185 2526 deciduntur
1209 2445 1322 2524 Casus
1344 2447 1499 2544 Politici,
1524 2471 1699 2529 annotato
1717 2450 1874 2553 semper

114 2583 123 2604 ν
206 2569 353 2624 eventu.
368 2547 479 2625 Liber
497 2547 614 2625 editus
630 2546 680 2624 est
695 2545 959 2626 Amstelodami
977 2548 1023 2624 A.
1044 2555 1145 2648 1663.
1166 2551 1204 2628 in
1223 2569 1277 2650 ιιι.
1328 2545 1530 2637 Orationes
1543 2570 1693 2650 quoqne
1716 2551 1875 2634 Politici

203 2650 412 2750 argumenti
428 2649 499 2727 huc
515 2643 687 2749 spesianr,
702 2649 825 2747 quales
839 2647 937 2752 apud
953 2645 1253 2746 Demosthenem,
1268 2645 1461 2724 Isocratem
1481 2647 1519 2724 &
1535 2647 1876 2752 Ciceronem-sunt

203 2747 343 2847 multae,
370 2748 409 2824 ἃ
430 2751 522 2826 circa
546 2751 726 2853 generalia
745 2750 783 2826 &
802 2748 963 2854 specialia
984 2749 1229 2848 Antiquarum
1247 2748 1423 2849 Rerump.
1441 2769 1641 2852 occupatu,
1654 2771 1875 2856 magnaque

203 2843 413 2924 Prudentiae
428 2845 558 2926 Civilis
579 2871 735 2948 arccana,
759 2875 843 2926 cum
868 2875 889 2924 a
913 2848 1061 2925 summis
1082 2849 1242 2934 Politicis
1263 2845 1578 2950 srntconscriptae,
1616 2853 1874 2934 continentes.

202 2945 304 3022 Inter
333 2947 568 3026 Recentiores
597 2948 737 3024 Thom.
769 2945 917 3026 Lanlius
959 2947 1006 3024 ad
1044 2949 1136 3024 hanc
1169 2947 1309 3025 classem
1334 2945 1554 3034 'referendus
1585 2948 1705 3026 videri
1724 2953 1869 3058 posset,

203 3045 265 3123 sed
281 3047 371 3123 nihil
386 3070 525 3153 praeter
533 3047 656 3124 Locos
672 3047 902 3128 Communes
912 3047 1033 3124 scribit
1059 3073 1126 3124 nec
1141 3071 1309 3125 accurato
1322 3043 1465 3144 Judic'io
1483 3046 1658 3152 Rerump.
1675 3055 1873 3153 penitiora

202 3145 408 3252 investigat,
423 3149 461 3225 δι
477 3171 609 3252 parum
627 3150 743 3228 cultus
760 3147 811 3226 est
825 3146 949 3250 stylus.
976 3159 978 3167 '
998 3109 1113 3224 bsich.
1129 3147 1322 3246 PiccartuS,
1346 3147 1481 3226 Matth.
1496 3147 1643 3254 Berne'g
1671 3175 1767 3254 erus,
1779 3151 1873 3234 scri·

229 3246 304 3324 sere
319 3247 445 3324 itidem
461 3249 703 3351 Daffmationaa
716 3251 754 3328 ἀ
771 3249 877 3326 Geor
906 3252 961 3325 ius
975 3273 1125 3348 quoque
1138 3249 1306 3326 Hornius
1322 3245 1467 3348 aliquas,
1489 3274 1571 3347 quae
1579 3251 1644 3349 jun
1686 3255 1736 3327 'm
1749 3253 1870 3334 editae

199 3273 285 3424 bum
307 3348 426 3452 Lugd.
443 3349 567 3428 BataV.
592 3358 696 3435 1668.
716 3359 754 3427 in
783 3375 835 3427 ra.
922 3354 1134 3452 operiuntur
1149 3348 1209 3425 bic
1227 3347 1400 3425 nonnulla
1419 3347 1604 3424 interdum
1626 3376 1703 3428 non
1730 3377 1867 3433 conte·

199 3445 370 3546 mnemia,
390 3451 570 3550 inprimis,
583 3471 665 3547 quae
687 3451 797 3528 habet
818 3449 865 3525 de
891 3447 1109 3550 quibusdam
1129 3447 1249 3552 Belgis
1274 3447 1471 3524 Ducatibus
1491 3450 1529 3524 ὅ(
1544 3449 1721 3551 Urbibus,
1745 3479 1867 3553 quan-

147 3535 175 3562 '
201 3571 312 3644 quam
338 3547 413 3626 hoc
432 3571 691 3652 argumentum
708 3552 907 3628 accuratius
927 3549 1084 3625 traslarit
1105 3547 1355 3647 Boxhornius,
1376 3547 1415 3623 ἃ
1434 3548 1616 3626 Martinus
1645 3549 1864 3636 Schookius

200 3651 241 3718 de
250 3649 337 3742 flatu
344 3649 499 3745 fodorus
512 3653 619 3751 Belgis.
671 3651 794 3727 Habet
810 3650 849 3726 ἃ
866 3649 936 3725 illic
952 3647 1223 3728 Dissertationes
1234 3649 1273 3721 de
1284 3651 1327 3722 AE
1347 3647 1587 3721 obtentionibus
1599 3650 1799 3755 lcfitutrum,
1815 3661 1862 3731 de

195 3746 369 3844 Sejatnsmo,
384 3749 423 3822 dc
435 3753 661 3822 Saracenorum
676 3757 812 3852 Omgiut,
825 3749 864 3822 dc
882 3751 1120 3824 Academiarum
1136 3753 1271 3851 Origine,
1331 3776 1358 3822 c.
1410 3748 1640 3848 Jejunitatem
1652 3755 1860 3834 tamenillae

194 3844 293 4020 suppa
310 3849 396 4021 missi
404 3849 574 3950 probant,
595 3849 768 3953 suntque,
790 3847 909 3928 nescio
934 3851 1058 3953 quod,
1080 3848 1207 3934 Chaos
1232 3871 1285 3956 ex·
1299 3845 1473 3952 Historia,
1498 3847 1659 3952 Pounca,
1680 3851 1858 3960 Geogra·

191 3969 221 4048 p
249 3971 294 4046 m,
315 3969 352 4021 m
397 3973 470 4024 um.

364 4109 367 4120 .
1659 4071 1666 4078 ·
1758 4051 1853 4134 Huc

220 4253 268 4340 s)
282 4247 392 4312 Recolo
406 4247 470 4324 sum
483 4251 545 4314 Iob.
557 4251 646 4312 Henr.
661 4251 778 4316 Boeclcri
793 4251 1000 4337 Dtffirmtiouet
1011 4249 1178 4334 Attamen,
1193 4247 1462 4336 &ammonius
1475 4259 1505 4316 iu
1525 4255 1613 4320 Plinii
1631 4255 1850 4340 Pomptinae,

312 4355 343 4396 ac
355 4339 433 4397 Xlll.
448 4337 705 4400 Exercitationibus
719 4341 751 4400 in
772 4339 861 4418 priori
876 4337 1013 4404 Editiouc
1041 4342 1122 4430 Anpi
1142 4339 1231 4424 1658.
1251 4337 1328 4400 haud
1350 4334 1441 4402 obviis
1462 4343 1545 4424 (quas
1566 4339 1851 4404 submoneremus

309 4423 384 4484 Assia
397 4423 481 4484 Etrtti
498 4423 573 4504 Lt'pfi
583 4423 628 4483 M.
641 4425 733 4486 Μανι.
748 4427 782 4485 A.
790 4446 857 4500 1702.
869 4445 897 4510 p.
912 4425 976 4505 tro.)
997 4427 1133 4487 auiiiotes
1153 4425 1278 4504 redditu,
1299 4428 1467 4508 Argentinae
1491 4443 1580 4511 1701.
1599 4425 1632 4488 in
1649 4445 1710 4513 4to.
1754 4423 1848 4504 Quod

254 4585 255 4595 ἵ
306 4509 455 4568 volumen
476 4509 584 4571 Novus
605 4509 722 4572 aliarum
747 4509 982 4592 balsaminum,
1008 4529 1147 4573 necnon
1173 4513 1335 4576 Oratiomtnt
1359 4533 1391 4575 ec
1408 4511 1652 4602 Progrmttnutttm,
1671 4509 1839 4578 Tonosa

303 4608 416 4670 quatur.
1676 4599 1684 4615 ⁸
