3964 5218
12 237 13 282 z
90 187 131 264 '-
186 301 189 309 ,
247 242 336 352 „s
708 246 879 359 rrum
897 243 1252 376 reimpetrata
1269 245 1374 332 rnre
1391 245 1477 333 u»

215 445 223 486 '-
246 413 434 536 ingeniose
442 411 459 516 ;'
478 414 654 522 Cometes
667 401 770 530 enirn
784 417 973 538 comparet
982 391 1191 534 abseesllbus
1205 396 1381 522 ulcerum,
1404 429 1441 496 ln
1452 387 1725 506 dolosoaleulo
1738 395 1786 538 dr·
1798 429 1911 501 Come-
1969 377 1970 402 i

215 565 225 576 .
244 519 640 704 iirisaafnmddiruiffli'
656 521 771 626 edito,
811 549 851 602 ur
872 549 948 626 quo
969 547 1094 629 tamen
1116 526 1234 630 magis
1252 526 1404 631 ingenio
1421 521 1911 666 mdplpereuolmssqqmm

247 713 262 725 s.
388 682 399 724 r
562 683 571 702 ·
1540 692 1543 698 ·
1642 672 1645 680 ’

177 859 205 934 4
338 835 439 912 Inter
463 828 589 922 omnia,
605 827 777 906 Mereora
795 829 902 932 ignea
926 830 1096 905 omnium
1122 824 1493 904 mirabiliffimumesl
1506 827 1632 931 rugan
1656 825 1718 928 (ele
1824 829 1912 905 Lib.

243 931 357 1013 exstat
373 933 478 1013 Hier.
504 927 676 1029 Cardani)
694 930 733 1006 dt
753 935 905 1015 Tonitru„
943 930 981 1004 in
998 930 1099 1028 cujus
1122 925 1236 1004 causis
1249 927 1484 1032 explicandis,
1511 929 1729 1034 multarsunt
1775 929 1913 1008 hiloso·
1969 945 1970 1018 l

242 1035 409 1138 phorum
427 1027 690 1108 flusbuationes.
713 1029 763 1124 ld
774 1027 926 1130 quidem
947 1027 1175 1114 manifestum
1190 1025 1254 1130 eil
1269 1027 1418 1106 accendi
1433 1029 1577 1130 aliquos
1589 1055 1747 1135 vapores
1762 1029 1915 1134 sulphu·
1969 1063 1970 1106 1

245 1157 342 1236 reos,
359 1132 544 1214 occultum
560 1151 665 1230 vero,
680 1128 877 1229 quomodo
895 1127 957 1213 frat
972 1123 1216 1234 isteimperus.
1268 1127 1498 1232 Peripatetici
1512 1131 1662 1230 volunt,
1674 1130 1823 1210 accendi
1840 1131 1913 1208 ful·
1969 1149 1970 1220 l

247 1260 319 1347 gur
333 1255 402 1338 per
415 1233 572 1330 aliquam
586 1224 873 1334 Antiperistasrn,
889 1227 1159 1330 quodHonor.
1175 1227 1287 1332 Fabri
1295 1229 1394 1330 rejici
1436 1255 1645 1332 quanquam
1658 1231 1695 1308 id
1707 1231 1771 1309 suo
1786 1254 1915 1308 tamen

246 1336 365 1412 modo
384 1335 529 1413 tolerari
547 1329 666 1432 possit.
715 1331 809 1407 Non
825 1328 890 1406 stm
921 1329 1026 1408 licem
1040 1330 1100 1406 hic
1120 1328 1369 1408 accenfionem
1384 1254 1465 1432 eise,
1486 1356 1617 1408 omnes
1632 1331 1911 1410 circumstantia
1969 1371 1970 1444 ἰ

246 1435 487 1534 nosdocent;
507 1433 564 1525 illa
585 1435 684 1514 enim
701 1431 863 1508 celeritas
935 1431 1091 1508 vibratio
1113 1430 1229 1508 oeulis
1248 1452 1446 1533 apparens,
1469 1431 1520 1506 illi
1543 1431 1727 1512 mirabiles
1745 1431 1911 1534 effestuq
1969 1445 1970 1500 l

245 1539 415 1635 innuunt,
436 1530 690 1635 explostonem
704 1532 862 1632 aliquam
878 1527 946 1608 else
960 1527 1567 1631 cumistaoccasroneconjunslam
1619 1531 1739 1648 Qod
1755 1533 1912 1634 quidem

248 1660 358 1740 negat
376 1635 457 1732 fieri
505 1630 577 1708 olle
596 1633 697 1708 Hon.
716 1631 834 1730 Fabri,
857 1631 950 1708 mihi
963 1653 1086 1708 autern
1099 1656 1180 1727 non
1196 1627 1290 1730 adep
1307 1627 1502 1733 absurdum
1522 1630 1681 1733 uidetur,
1694 1631 1770 1734 'qui
1795 1633 1912 1727 existi-

249 1761 328 1837 mo,
347 1741 384 1812 in
397 1660 554 1832 nubilus,
573 1731 767 1907 fieriposle
790 1732 1055 1835 separationem
1079 1729 1263 1908 quandam
1287 1733 1469 1834 partium,
1485 1735 1588 1832 itaut
1634 1735 1797 1818 articulae.
1813 1759 1912 1836 quae·

246 1835 330 1912 dam
347 1835 564 1936 sulphureae,
580 1835 639 1908 vel
671 1833 860 1936 ulphureae
873 1857 913 1908 ac
929 1830 1072 1908 nitrosae
1097 1831 1284 1930 rmuluno
1297 1833 1423 1932 aliquo
1436 1831 1521 1910 loco
1533 1759 1690 1934 junfiim
1705 1833 1912 1936 consistant,

248 1934 480 2014 circumdate
498 1931 614 2010 crassis
632 1932 852 2032 quibusdam
867 1931 1023 2010 nubibus
1044 1934 1180 2032 aqueis,
1196 1956 1280 2031 quae
1297 1925 1377 2010 satis
1395 1924 1546 2030 quidem
1571 1929 1684 2012 molis'
1701 1939 1912 2042 circumpo-

169 2047 172 2056 “
247 2065 334 2128 nere
351 2035 497 2141 possunt
519 2034 701 2126 particulis
717 2032 871 2133 inclusas,
889 2055 998 2132 atque
1012 2033 1087 2108 illas
1104 2055 1285 2135 premere,
1301 2055 1341 2110 ut
1362 2059 1438 2111 non
1452 2033 1553 2110 aliter
1567 2033 1628 2112 hic
1645 2059 1848 2140 terrcantur,
1862 2060 1912 2114 at·

246 2144 371 2239 quein
388 2137 480 2228 rubo
496 2132 659 2234 quodam
679 2135 868 2212 metallice.
892 2134 966 2210 lllae
984 2156 1027 2240 ut
1049 2126 1302 2229 accendantur,
1313 2129 1414 2209 facile
1429 2129 1509 2208 lieri
1524 2133 1662 2237 porest;
1686 2150 1794 2216 motu
1810 2141 1911 2214 enim

246 2244 424 2328 internos
453 2239 531 2316 irari
551 2232 709 2338 possunt,
741 2236 801 2312 vel
815 2228 1225 2334 extrinsecusadvenire
1245 2231 1448 2336 sulphureae
1468 2233 1638 2336 quaedam
1651 2235 1910 2338 exhalationes,

112 2362 119 2370 ·
247 2341 397 2517 mallan}
410 2263 512 2513 iffiond
522 2337 779 2438 particularum
795 2334 1226 2438 sulphureo-nitrosatum
1241 2333 1490 2436 accendentes
1513 2359 1598 2438 quae
1613 2331 1830 2444 {latiturum
1846 2339 1910 2416 irn-

86 2518 90 2528 .
248 2463 337 2546 peto
390 2464 446 2540 rep
516 2459 637 2514 untur.
1025 2475 1027 2480 ·
1411 2495 1413 2502 ,

185 2657 203 2730 ς
347 2635 430 2731 Joh.
450 2635 607 2738 Mayow
623 2635 823 2713 violentam
840 2633 1023 2736 quandam
1036 2629 1308 2736 concussionem
1333 2633 1444 2735 hujus
1464 2633 1622 2732 flammae
1642 2637 1781 2718 confirm
1795 2663 1906 2744 agno·

199 2831 200 2834 Ἴ
248 2735 396 2838 scit,sed
413 2757 534 2814 tamen
552 2739 646 2813 illam
691 2736 1127 2840 roce'dentemanubium
1143 2734 1397 2837 superiorum,
1434 2734 1734 2817 condensatarum
1758 2739 1798 2818 dr
1824 2765 1908 2816 con-

249 2839 493 2954 glaciatarum,
514 2837 625 2941 lapsu,
663 2758 715 2914 in
735 2863 812 2940 quo
828 2839 885 2915 ille
898 2837 1105 2916 Castellum
1118 2835 1289 2938 sequitur,
1304 2839 1369 2935 qui
1382 2837 1478 2914 hane
1493 2839 1906 2926 causaminronirruas-

249 2941 413 3045 signavit.
464 2939 587 3016 Simile
607 2937 708 3039 illud,
728 2939 832 3038 quod
846 2939 919 3039 dat,
935 2941 1042 3042 plone
1056 2938 1157 3014 mihi·
1171 2961 1252 3026 non
1264 2937 1472 3039 exprimere
1490 2938 1650 3045 'fulguris
1673 2959 1841 3018 naturam
1861 2943 1909 3016 vi·

249 3045 376 3136 detur3
401 3039 577 3140 srlilicuru
591 3039 906 3138 minutissimarum
916 3041 1108 3143 congeries
1122 3036 1295 3112 immensa
1310 3037 1544 3116 concuffione
1554 3041 1648 3118 adeo
1657 3041 1778 3118 valide
1792 3045 1908 3148 exagi-

249 3165 446 3238 ratemque
460 3165 507 3217 ex
522 3142 704 3243 particulis
713 3140 877 3314 pusdem
889 3141 1101 3238 innumeris,
1115 3138 1278 3213 invicem
1287 3135 1390 3214 allisis
1417 3143 1428 3214 i
1452 3140 1724 3220 nisscinrillulae
1748 3167 1849 3244 pene
1860 3149 1906 3219 in·

250 3245 363 3324 finitae
377 3263 644 3339 excuterentur,
654 3244 701 3316 ita
740 3265 857 3316 amma
872 3239 1039 3340 quaedam
1053 3239 1184 3336 levior,
1198 3260 1406 3340 pertotam
1448 3244 1545 3318 icum
1555 3247 1907 3346 congerierrapropr·

298 3367 349 3443 ta,
359 3341 478 3424 subito
490 3340 782 3416 accenderentur.
834 3339 886 3418 Ita
900 3339 1153 3417 existimarille
1166 3341 1356 3440 particulas
1377 3343 1622 3442 nitro-aereas,
1649 3345 1906 3446 interparricu·

265 3470 304 3522 as
319 3455 437 3534 aereas
453 3437 702 3540 disleminatas,
716 3442 766 3518 ob
784 3442 982 3518 violentam
996 3437 1250 3542 atmosphaerae
1271 3439 1562 3542 concussionem,
1584 3445 1790 3522 inmotum
1803 3446 1907 3522 talem

250 3545 424 3623 concitari
439 3539 559 3645 polle,
578 3543 642 3640 qui
662 3542 706 3616 ad
722 3542 843 3617 lucem
858 3540 1084 3620 excitandam
1098 3542 1305 3639 requiritur.
1353 3541 1439 3644 Sed,
1455 3565 1498 3618 ut
1510 3542 1770 3621 verurn‘samr
1786 3548 1840 3622 in
1855 3548 1906 3622 his

233 3643 558 3749 ‘speculationibus
569 3644 650 3744 plus
665 3643 762 3718 mihi·
770 3641 983 3742 subtilitatis
991 3665 1101 3752 quam
1116 3642 1282 3717 ueritatis
1294 3641 1402 3720 inesse
1420 3643 1575 3720 videtur.
1618 3643 1688 3724 Ex
1699 3605 1798 3748 lapsi
1814 3669 1906 3724 certe

252 3745 406 3824 nubium
422 3764 497 3821 tam·
507 3741 664 3820 insolitas
680 3743 914 3844 operationes
932 3741 1199 3840 deducere,.res
1212 3742 1306 3818 mihi
1322 3742 1544 3820 incredibilis
1558 3743 1716 3846 videtur,
1725 3748 1791 3844 qui
1808 3749 1904 3824 illurn

252 3845 390 3950 lapsum
406 3843 557 3920 nubium
573 3843 682 3946 plane
698 3845 767 3920 ima
797 3845 952 3920 inarium
969 3842 1037 3918 elle
1052 3839 1229 3919 existimo.
1250 3842 1475 3946 Qanquom
1486 3847 1583 3922 enim
1601 3848 1639 3919 in
1653 3847 1817 3924 nubibus
1825 3873 1905 3924 con·

252 3947 365 4052 gelati
379 3943 525 4047 possunt
541 3969 657 4044 aquae,
671 3970 750 4022 non
763 3869 844 4022 sint
859 3945 1060 4021 tarnenilloe
1079 3943 1189 4038 molis
1198 3947 1396 4041 continuae,
1409 3941 1468 4018 sed
1482 3967 1550 4046 per
1565 3943 1816 4024 minutissimas
1833 3969 1905 4051 par·

255 4071 310 4126 tes
324 4044 461 4148 sparsae,
482 4046 520 4122 dt
541 4046 673 4122 inae're
686 4045 835 4146 libratae,
850 4043 1092 4137 undecadere
1111 4067 1188 4120 non
1234 4041 1385 4120 offunta
1400 4042 1434 4119 se
1449 4047 1606 4122 invicem
1626 4044 1769 4145 avulsae,
1782 4073 1904 4146 quem·

168 4173 172 4182 ’
207 4193 211 4202 ·
253 4144 455 4226 admodum
470 4169 630 4249 corpora
650 4150 835 4252 contiguo,
860 4147 921 4226 sed
935 4147 1108 4222 continua
1123 4069 1281 4242 quadam
1301 4145 1533 4222 inclinatione
1547 4143 1716 4222 deorsum
1732 4146 1903 4249 ferentur,

156 4308 160 4316 ,
256 4249 332 4330 stne
343 4247 465 4346 aliquo
482 4243 638 4349 lbepitu
646 4248 807 4350 notabili,
830 4248 1024 4328 undeunn
1045 4241 1173 4348 potest
1186 4241 1284 4320 causo
1299 4244 1461 4325 tonirnls
1480 4245 1759 4349 deduceprima
1777 4249 1902 4349 (quau

256 4373 366 4452 quam
382 4371 466 4446 ,non
477 4371 525 4424 ne
547 4407 548 4412 a
575 4373 625 4448 m,
639 4345 1100 4456 adpropagationemsoni
1120 4342 1222 4448 posse
1237 4345 1483 4446 contribuere,
1497 4349 1616 4425 multo
1628 4350 1750 4424 minus
1767 4349 1822 4425 ful
1874 4373 1899 4448 r,

255 4449 358 4552 qu'od
378 4473 497 4550 quom
546 4472 571 4524 u
585 4451 956 4554 ex·conglaciarorurn
973 4471 1178 4552 corporum
1194 4443 1379 4524 collisione
1391 4449 1482 4523 oriri
1499 4445 1619 4551 poffit,
1654 4473 1723 4524 nec
1738 4447 1827 4526 sensi
1855 4473 1901 4546 us,

234 4554 491 4658 uectatione,
508 4551 688 4656 percipio.
738 4551 917 4633 Videmus
931 4549 1022 4654 sane,
1044 4549 1082 4627 dr
1102 4547 1286 4648 sentimus,
1311 4556 1627 4654 aerem’tempore
1646 4545 1902 4728 10111115ὀωὶ-

336 4699 339 4706 -
509 4657 514 4676 “
1504 4707 1507 4714 ·
1597 4687 1606 4700 ,
1845 4673 1900 4729 um
