<?xml version="1.0" encoding="UTF-8"?>
<!DOCTYPE html PUBLIC "-//W3C//DTD XHTML 1.0 Transitional//EN"
    "http://www.w3.org/TR/xhtml1/DTD/xhtml1-transitional.dtd">
<html xmlns="http://www.w3.org/1999/xhtml" xml:lang="en" lang="en">
 <head>
  <title>
</title>
<meta http-equiv="Content-Type" content="text/html;charset=utf-8" />
  <meta name='ocr-system' content='tesseract 3.04.00' />
  <meta name='ocr-capabilities' content='ocr_page ocr_carea ocr_par ocr_line ocrx_word'/>
</head>
<body>
  <div class='ocr_page' id='page_1' title='image "./polyhistorliter01mollgoog/polyhistorliter01mollgoog_0534.png"; bbox 0 0 3964 5218; ppageno 0'>
   <div class='ocr_carea' id='block_1_1' title="bbox 461 219 1753 363">
    <p class='ocr_par' dir='ltr' id='par_1_1' title="bbox 461 219 1753 363">
     <span class='ocr_line' id='line_1_1' title="bbox 461 219 1753 363; baseline 0.004 -30"><span class='ocrx_word' id='word_1_1' title='bbox 461 219 747 359; x_wconf 60' lang='lat' dir='ltr'>nunnus?</span> <span class='ocrx_word' id='word_1_2' title='bbox 794 242 1372 350; x_wconf 61' lang='lat' dir='ltr'>ueneratoramummum.</span> <span class='ocrx_word' id='word_1_3' title='bbox 1670 287 1753 363; x_wconf 22' lang='lat'>4¹7,</span> 
     </span>
    </p>
   </div>
   <div class='ocr_carea' id='block_1_2' title="bbox 25 420 1903 1958">
    <p class='ocr_par' dir='ltr' id='par_1_2' title="bbox 25 420 1903 1958">
     <span class='ocr_line' id='line_1_2' title="bbox 114 420 1748 530; baseline 0 -20"><span class='ocrx_word' id='word_1_4' title='bbox 114 430 223 530; x_wconf 88' lang='lat' dir='ltr'>otuit,</span> <span class='ocrx_word' id='word_1_5' title='bbox 236 450 280 508; x_wconf 90' lang='lat' dir='ltr'>ut</span> <span class='ocrx_word' id='word_1_6' title='bbox 293 429 371 508; x_wconf 79' lang='lat' dir='ltr'>telis</span> <span class='ocrx_word' id='word_1_7' title='bbox 388 429 556 521; x_wconf 81' lang='lat' dir='ltr'>materia,</span> <span class='ocrx_word' id='word_1_8' title='bbox 584 428 681 504; x_wconf 75' lang='lat' dir='ltr'>lenta</span> <span class='ocrx_word' id='word_1_9' title='bbox 698 427 736 504; x_wconf 82' lang='lat' dir='ltr'>dr</span> <span class='ocrx_word' id='word_1_10' title='bbox 754 424 899 528; x_wconf 77' lang='lat' dir='ltr'>viscosa,</span> <span class='ocrx_word' id='word_1_11' title='bbox 915 420 1019 504; x_wconf 82' lang='lat' dir='ltr'>simul</span> <span class='ocrx_word' id='word_1_12' title='bbox 1036 453 1120 504; x_wconf 91' lang='lat' dir='ltr'>cum</span> <span class='ocrx_word' id='word_1_13' title='bbox 1138 426 1211 530; x_wconf 80' lang='lat' dir='ltr'>ipsa</span> <span class='ocrx_word' id='word_1_14' title='bbox 1225 429 1353 506; x_wconf 87' lang='lat' dir='ltr'>tellure</span> <span class='ocrx_word' id='word_1_15' title='bbox 1366 449 1481 506; x_wconf 81' lang='lat' dir='ltr'>crenrn</span> <span class='ocrx_word' id='word_1_16' title='bbox 1498 421 1554 530; x_wconf 83' lang='lat' dir='ltr'>fit,</span> <span class='ocrx_word' id='word_1_17' title='bbox 1572 447 1614 507; x_wconf 87' lang='lat' dir='ltr'>ut</span> <span class='ocrx_word' id='word_1_18' title='bbox 1629 432 1748 510; x_wconf 90' lang='lat' dir='ltr'>neces·</span> 
     </span>
     <span class='ocr_line' id='line_1_3' title="bbox 80 459 1903 633; baseline 0 -24"><span class='ocrx_word' id='word_1_19' title='bbox 80 459 164 610; x_wconf 54' lang='lat' dir='ltr'>Puni</span> <span class='ocrx_word' id='word_1_20' title='bbox 183 531 330 632; x_wconf 73' lang='lat' dir='ltr'>nonsit,</span> <span class='ocrx_word' id='word_1_21' title='bbox 355 532 458 607; x_wconf 79' lang='lat' dir='ltr'>altius</span> <span class='ocrx_word' id='word_1_22' title='bbox 483 525 696 630; x_wconf 70' lang='lat' dir='ltr'>procedere.</span> <span class='ocrx_word' id='word_1_23' title='bbox 746 528 849 606; x_wconf 86' lang='lat' dir='ltr'>Nurn</span> <span class='ocrx_word' id='word_1_24' title='bbox 864 531 1028 606; x_wconf 86' lang='lat' dir='ltr'>&amp;nimia</span> <span class='ocrx_word' id='word_1_25' title='bbox 1046 529 1235 614; x_wconf 79' lang='lat' dir='ltr'>subtilitate</span> <span class='ocrx_word' id='word_1_26' title='bbox 1261 529 1358 630; x_wconf 75' lang='lat' dir='ltr'>supe</span> <span class='ocrx_word' id='word_1_27' title='bbox 1376 527 1745 614; x_wconf 77' lang='lat' dir='ltr'>obsistimusveritnti.</span> <span class='ocrx_word' id='word_1_28' title='bbox 1818 609 1822 633; x_wconf 61' lang='grc'>,</span> <span class='ocrx_word' id='word_1_29' title='bbox 1898 588 1903 609; x_wconf 87' lang='grc'><strong>.</strong></span> 
     </span>
     <span class='ocr_line' id='line_1_4' title="bbox 79 627 1819 734; baseline 0.001 -24"><span class='ocrx_word' id='word_1_30' title='bbox 79 629 215 732; x_wconf 83' lang='lat' dir='ltr'>Aliqui</span> <span class='ocrx_word' id='word_1_31' title='bbox 234 631 327 734; x_wconf 85' lang='lat' dir='ltr'>sunt,</span> <span class='ocrx_word' id='word_1_32' title='bbox 353 627 664 730; x_wconf 78' lang='lat' dir='ltr'>quimernllonum</span> <span class='ocrx_word' id='word_1_33' title='bbox 677 629 863 732; x_wconf 83' lang='lat' dir='ltr'>originem</span> <span class='ocrx_word' id='word_1_34' title='bbox 886 629 991 706; x_wconf 86' lang='lat' dir='ltr'>nsnle</span> <span class='ocrx_word' id='word_1_35' title='bbox 1009 627 1157 731; x_wconf 82' lang='lat' dir='ltr'>petunt,</span> <span class='ocrx_word' id='word_1_36' title='bbox 1178 653 1402 733; x_wconf 73' lang='lat' dir='ltr'>argumento</span> <span class='ocrx_word' id='word_1_37' title='bbox 1415 629 1480 706; x_wconf 86' lang='lat' dir='ltr'>illo</span> <span class='ocrx_word' id='word_1_38' title='bbox 1494 629 1612 734; x_wconf 68' lang='lat' dir='ltr'>duni,</span> <span class='ocrx_word' id='word_1_39' title='bbox 1639 635 1744 732; x_wconf 87' lang='lat' dir='ltr'>quod</span> <span class='ocrx_word' id='word_1_40' title='bbox 1817 681 1819 690; x_wconf 91' lang='lat'>·</span> 
     </span>
     <span class='ocr_line' id='line_1_5' title="bbox 78 727 1744 832; baseline 0.001 -21"><span class='ocrx_word' id='word_1_41' title='bbox 78 734 319 811; x_wconf 78' lang='lat' dir='ltr'>videanccor</span> <span class='ocrx_word' id='word_1_42' title='bbox 373 755 413 808; x_wconf 76' lang='lat' dir='ltr'>ra</span> <span class='ocrx_word' id='word_1_43' title='bbox 431 729 606 808; x_wconf 71' lang='lat' dir='ltr'>metullicn</span> <span class='ocrx_word' id='word_1_44' title='bbox 629 730 789 808; x_wconf 75' lang='lat' dir='ltr'>nsnlibue</span> <span class='ocrx_word' id='word_1_45' title='bbox 811 729 912 832; x_wconf 84' lang='lat' dir='ltr'>polle</span> <span class='ocrx_word' id='word_1_46' title='bbox 924 727 1078 832; x_wconf 85' lang='lat' dir='ltr'>discerpi</span> <span class='ocrx_word' id='word_1_47' title='bbox 1099 732 1137 808; x_wconf 82' lang='lat' dir='ltr'>dt</span> <span class='ocrx_word' id='word_1_48' title='bbox 1151 733 1324 830; x_wconf 85' lang='lat' dir='ltr'>corrodi,</span> <span class='ocrx_word' id='word_1_49' title='bbox 1357 753 1431 829; x_wconf 81' lang='lat' dir='ltr'>aut,</span> <span class='ocrx_word' id='word_1_50' title='bbox 1446 731 1551 831; x_wconf 90' lang='lat' dir='ltr'>quod</span> <span class='ocrx_word' id='word_1_51' title='bbox 1569 737 1744 814; x_wconf 79' lang='lat' dir='ltr'>nonnulle</span> 
     </span>
     <span class='ocr_line' id='line_1_6' title="bbox 78 809 1844 938; baseline 0.001 -26"><span class='ocrx_word' id='word_1_52' title='bbox 78 829 325 938; x_wconf 75' lang='lat' dir='ltr'>cognotosbe</span> <span class='ocrx_word' id='word_1_53' title='bbox 419 829 531 936; x_wconf 78' lang='lat' dir='ltr'>tsnlee</span> <span class='ocrx_word' id='word_1_54' title='bbox 548 833 768 930; x_wconf 85' lang='lat' dir='ltr'>vitriolicoe,</span> <span class='ocrx_word' id='word_1_55' title='bbox 790 857 833 906; x_wconf 86' lang='lat' dir='ltr'>ac</span> <span class='ocrx_word' id='word_1_56' title='bbox 848 835 943 909; x_wconf 88' lang='lat' dir='ltr'>inter</span> <span class='ocrx_word' id='word_1_57' title='bbox 957 831 991 906; x_wconf 87' lang='lat' dir='ltr'>se</span> <span class='ocrx_word' id='word_1_58' title='bbox 1004 843 1071 933; x_wconf 83' lang='lat' dir='ltr'>per</span> <span class='ocrx_word' id='word_1_59' title='bbox 1088 834 1186 906; x_wconf 87' lang='lat' dir='ltr'>vices</span> <span class='ocrx_word' id='word_1_60' title='bbox 1207 853 1494 929; x_wconf 83' lang='lat' dir='ltr'>commutentur,</span> <span class='ocrx_word' id='word_1_61' title='bbox 1504 809 1608 931; x_wconf 60' lang='lat' dir='ltr'>efflod</span> <span class='ocrx_word' id='word_1_62' title='bbox 1622 856 1744 913; x_wconf 83' lang='lat' dir='ltr'>tamen</span> <span class='ocrx_word' id='word_1_63' title='bbox 1837 911 1844 924; x_wconf 78' lang='grc'><em>,</em></span> 
     </span>
     <span class='ocr_line' id='line_1_7' title="bbox 77 928 1744 1034; baseline -0.001 -20"><span class='ocrx_word' id='word_1_64' title='bbox 77 938 186 1014; x_wconf 88' lang='lat' dir='ltr'>neuri</span> <span class='ocrx_word' id='word_1_65' title='bbox 216 961 298 1014; x_wconf 82' lang='lat' dir='ltr'>unm</span> <span class='ocrx_word' id='word_1_66' title='bbox 312 957 444 1012; x_wconf 88' lang='lat' dir='ltr'>eorum</span> <span class='ocrx_word' id='word_1_67' title='bbox 458 929 671 1008; x_wconf 81' lang='lat' dir='ltr'>sententium</span> <span class='ocrx_word' id='word_1_68' title='bbox 689 928 892 1009; x_wconf 76' lang='lat' dir='ltr'>confirmat.</span> <span class='ocrx_word' id='word_1_69' title='bbox 942 933 1037 1008; x_wconf 93' lang='lat' dir='ltr'>Non</span> <span class='ocrx_word' id='word_1_70' title='bbox 1052 934 1151 1008; x_wconf 83' lang='lat' dir='ltr'>enim</span> <span class='ocrx_word' id='word_1_71' title='bbox 1167 933 1263 1008; x_wconf 83' lang='lat' dir='ltr'>vnlet</span> <span class='ocrx_word' id='word_1_72' title='bbox 1276 931 1338 1008; x_wconf 84' lang='lat' dir='ltr'>istn</span> <span class='ocrx_word' id='word_1_73' title='bbox 1352 931 1625 1031; x_wconf 77' lang='lat' dir='ltr'>consequentia:</span> <span class='ocrx_word' id='word_1_74' title='bbox 1638 933 1744 1034; x_wconf 89' lang='lat' dir='ltr'>quod</span> 
     </span>
     <span class='ocr_line' id='line_1_8' title="bbox 78 1028 1809 1138; baseline 0.001 -26"><span class='ocrx_word' id='word_1_75' title='bbox 78 1059 198 1113; x_wconf 87' lang='lat' dir='ltr'>corto</span> <span class='ocrx_word' id='word_1_76' title='bbox 267 1030 422 1138; x_wconf 87' lang='lat' dir='ltr'>epotest</span> <span class='ocrx_word' id='word_1_77' title='bbox 436 1028 590 1130; x_wconf 84' lang='lat' dir='ltr'>aliquid,</span> <span class='ocrx_word' id='word_1_78' title='bbox 613 1055 720 1110; x_wconf 83' lang='lat' dir='ltr'>exeo</span> <span class='ocrx_word' id='word_1_79' title='bbox 733 1029 771 1107; x_wconf 89' lang='lat' dir='ltr'>id</span> <span class='ocrx_word' id='word_1_80' title='bbox 787 1034 1037 1136; x_wconf 58' lang='lat' dir='ltr'>componituri</span> <span class='ocrx_word' id='word_1_81' title='bbox 1100 1031 1309 1108; x_wconf 82' lang='lat' dir='ltr'>Etvitrioln</span> <span class='ocrx_word' id='word_1_82' title='bbox 1326 1035 1376 1108; x_wconf 93' lang='lat' dir='ltr'>nil</span> <span class='ocrx_word' id='word_1_83' title='bbox 1398 1033 1610 1134; x_wconf 88' lang='lat' dir='ltr'>aliudsunt,</span> <span class='ocrx_word' id='word_1_84' title='bbox 1660 1061 1743 1113; x_wconf 87' lang='lat' dir='ltr'>unm</span> <span class='ocrx_word' id='word_1_85' title='bbox 1805 1067 1809 1091; x_wconf 62' lang='grc' dir='ltr'>ι</span> 
     </span>
     <span class='ocr_line' id='line_1_9' title="bbox 78 1063 1744 1238; baseline 0 -26"><span class='ocrx_word' id='word_1_86' title='bbox 78 1135 435 1238; x_wconf 78' lang='lat' dir='ltr'>corpornmetnllice</span> <span class='ocrx_word' id='word_1_87' title='bbox 449 1131 488 1208; x_wconf 79' lang='lat' dir='ltr'>dc</span> <span class='ocrx_word' id='word_1_88' title='bbox 502 1131 714 1208; x_wconf 79' lang='lat' dir='ltr'>selinnmista</span> <span class='ocrx_word' id='word_1_89' title='bbox 724 1153 928 1236; x_wconf 80' lang='lat' dir='ltr'>temperato</span> <span class='ocrx_word' id='word_1_90' title='bbox 944 1132 1202 1230; x_wconf 89' lang='lat' dir='ltr'>contubernio,</span> <span class='ocrx_word' id='word_1_91' title='bbox 1224 1157 1301 1208; x_wconf 92' lang='lat' dir='ltr'>non</span> <span class='ocrx_word' id='word_1_92' title='bbox 1312 1157 1497 1238; x_wconf 89' lang='lat' dir='ltr'>perpetuo</span> <span class='ocrx_word' id='word_1_93' title='bbox 1515 1157 1576 1212; x_wconf 84' lang='lat' dir='ltr'>nur</span> <span class='ocrx_word' id='word_1_94' title='bbox 1590 1063 1744 1216; x_wconf 59' lang='lat' dir='ltr'>rediculi,</span> 
     </span>
     <span class='ocr_line' id='line_1_10' title="bbox 77 1231 1744 1336; baseline 0.001 -22"><span class='ocrx_word' id='word_1_95' title='bbox 77 1238 182 1314; x_wconf 92' lang='lat' dir='ltr'>Non</span> <span class='ocrx_word' id='word_1_96' title='bbox 198 1257 303 1314; x_wconf 78' lang='lat' dir='ltr'>vacet</span> <span class='ocrx_word' id='word_1_97' title='bbox 315 1232 468 1336; x_wconf 92' lang='lat' dir='ltr'>quidem</span> <span class='ocrx_word' id='word_1_98' title='bbox 483 1255 541 1308; x_wconf 88' lang='lat' dir='ltr'>res</span> <span class='ocrx_word' id='word_1_99' title='bbox 555 1231 613 1308; x_wconf 75' lang='lat' dir='ltr'>ille</span> <span class='ocrx_word' id='word_1_100' title='bbox 625 1233 876 1331; x_wconf 73' lang='lat' dir='ltr'>admiratione,</span> <span class='ocrx_word' id='word_1_101' title='bbox 891 1232 995 1333; x_wconf 90' lang='lat' dir='ltr'>quod</span> <span class='ocrx_word' id='word_1_102' title='bbox 1007 1236 1222 1334; x_wconf 77' lang='lat' dir='ltr'>ltacorpore</span> <span class='ocrx_word' id='word_1_103' title='bbox 1234 1231 1521 1336; x_wconf 79' lang='lat' dir='ltr'>secaripolstnto</span> <span class='ocrx_word' id='word_1_104' title='bbox 1541 1235 1688 1336; x_wconf 81' lang='lat' dir='ltr'>salibus,</span> <span class='ocrx_word' id='word_1_105' title='bbox 1702 1263 1744 1315; x_wconf 83' lang='lat' dir='ltr'>ac</span> 
     </span>
     <span class='ocr_line' id='line_1_11' title="bbox 75 1331 1743 1444; baseline 0.001 -29"><span class='ocrx_word' id='word_1_106' title='bbox 75 1359 186 1444; x_wconf 80' lang='lat' dir='ltr'>potet</span> <span class='ocrx_word' id='word_1_107' title='bbox 201 1337 288 1414; x_wconf 91' lang='lat' dir='ltr'>inde</span> <span class='ocrx_word' id='word_1_108' title='bbox 308 1359 442 1440; x_wconf 76' lang='lat' dir='ltr'>magne</span> <span class='ocrx_word' id='word_1_109' title='bbox 461 1331 584 1409; x_wconf 75' lang='lat' dir='ltr'>sellum</span> <span class='ocrx_word' id='word_1_110' title='bbox 604 1351 691 1410; x_wconf 83' lang='lat' dir='ltr'>curn</span> <span class='ocrx_word' id='word_1_111' title='bbox 707 1334 938 1410; x_wconf 84' lang='lat' dir='ltr'>minemlibus</span> <span class='ocrx_word' id='word_1_112' title='bbox 953 1337 1164 1437; x_wconf 77' lang='lat' dir='ltr'>cogunti0,</span> <span class='ocrx_word' id='word_1_113' title='bbox 1186 1357 1265 1408; x_wconf 93' lang='lat' dir='ltr'>non</span> <span class='ocrx_word' id='word_1_114' title='bbox 1288 1337 1410 1411; x_wconf 80' lang='lat' dir='ltr'>tamen</span> <span class='ocrx_word' id='word_1_115' title='bbox 1427 1337 1572 1435; x_wconf 85' lang='lat' dir='ltr'>intima,</span> <span class='ocrx_word' id='word_1_116' title='bbox 1599 1337 1743 1441; x_wconf 81' lang='lat' dir='ltr'>semper</span> 
     </span>
     <span class='ocr_line' id='line_1_12' title="bbox 77 1432 1743 1616; baseline -0.001 -98"><span class='ocrx_word' id='word_1_117' title='bbox 77 1441 186 1518; x_wconf 85' lang='lat' dir='ltr'>enim</span> <span class='ocrx_word' id='word_1_118' title='bbox 198 1433 321 1514; x_wconf 88' lang='lat' dir='ltr'>divelli</span> <span class='ocrx_word' id='word_1_119' title='bbox 334 1432 485 1539; x_wconf 82' lang='lat' dir='ltr'>possunt</span> <span class='ocrx_word' id='word_1_120' title='bbox 501 1433 575 1512; x_wconf 87' lang='lat' dir='ltr'>levi</span> <span class='ocrx_word' id='word_1_121' title='bbox 590 1437 759 1537; x_wconf 72' lang='lat' dir='ltr'>negotio,</span> <span class='ocrx_word' id='word_1_122' title='bbox 774 1459 859 1510; x_wconf 88' lang='lat' dir='ltr'>cum</span> <span class='ocrx_word' id='word_1_123' title='bbox 875 1455 995 1538; x_wconf 79' lang='lat' dir='ltr'>partes</span> <span class='ocrx_word' id='word_1_124' title='bbox 1013 1457 1143 1536; x_wconf 81' lang='lat' dir='ltr'>ceterae</span> <span class='ocrx_word' id='word_1_125' title='bbox 1158 1433 1351 1512; x_wconf 83' lang='lat' dir='ltr'>essentiales</span> <span class='ocrx_word' id='word_1_126' title='bbox 1364 1435 1581 1515; x_wconf 76' lang='lat' dir='ltr'>cobaerennt.</span> <span class='ocrx_word' id='word_1_127' title='bbox 1599 1435 1743 1616; x_wconf 48' lang='grc' dir='ltr'>ψ·</span> 
     </span>
     <span class='ocr_line' id='line_1_13' title="bbox 78 1533 1857 1639; baseline 0.001 -22"><span class='ocrx_word' id='word_1_128' title='bbox 78 1561 221 1618; x_wconf 83' lang='lat' dir='ltr'>verunt</span> <span class='ocrx_word' id='word_1_129' title='bbox 235 1537 340 1616; x_wconf 88' lang='lat' dir='ltr'>multi</span> <span class='ocrx_word' id='word_1_130' title='bbox 355 1539 394 1613; x_wconf 94' lang='lat' dir='ltr'>in</span> <span class='ocrx_word' id='word_1_131' title='bbox 405 1533 578 1631; x_wconf 88' lang='lat' dir='ltr'>vitriolo,</span> <span class='ocrx_word' id='word_1_132' title='bbox 595 1535 704 1635; x_wconf 84' lang='lat' dir='ltr'>aliqui</span> <span class='ocrx_word' id='word_1_133' title='bbox 719 1538 758 1610; x_wconf 92' lang='lat' dir='ltr'>in</span> <span class='ocrx_word' id='word_1_134' title='bbox 774 1536 885 1634; x_wconf 92' lang='lat' dir='ltr'>nitro,</span> <span class='ocrx_word' id='word_1_135' title='bbox 900 1535 1001 1634; x_wconf 88' lang='lat' dir='ltr'>cujus</span> <span class='ocrx_word' id='word_1_136' title='bbox 1015 1533 1092 1610; x_wconf 79' lang='lat' dir='ltr'>salis</span> <span class='ocrx_word' id='word_1_137' title='bbox 1106 1537 1271 1638; x_wconf 82' lang='lat' dir='ltr'>potentie</span> <span class='ocrx_word' id='word_1_138' title='bbox 1288 1543 1423 1639; x_wconf 82' lang='lat' dir='ltr'>magna</span> <span class='ocrx_word' id='word_1_139' title='bbox 1439 1533 1490 1611; x_wconf 88' lang='lat' dir='ltr'>est</span> <span class='ocrx_word' id='word_1_140' title='bbox 1510 1540 1547 1612; x_wconf 92' lang='lat' dir='ltr'>in</span> <span class='ocrx_word' id='word_1_141' title='bbox 1564 1535 1641 1615; x_wconf 79' lang='lat' dir='ltr'>lixis</span> <span class='ocrx_word' id='word_1_142' title='bbox 1657 1544 1742 1618; x_wconf 82' lang='lat' dir='ltr'>imis</span> <span class='ocrx_word' id='word_1_143' title='bbox 1851 1599 1857 1606; x_wconf 79' lang='lat'><em>-</em></span> 
     </span>
     <span class='ocr_line' id='line_1_14' title="bbox 77 1631 1853 1742; baseline 0.001 -24"><span class='ocrx_word' id='word_1_144' title='bbox 77 1663 238 1742; x_wconf 87' lang='lat' dir='ltr'>quoque</span> <span class='ocrx_word' id='word_1_145' title='bbox 257 1631 409 1715; x_wconf 79' lang='lat' dir='ltr'>metallis</span> <span class='ocrx_word' id='word_1_146' title='bbox 425 1633 613 1711; x_wconf 80' lang='lat' dir='ltr'>vexandis.</span> <span class='ocrx_word' id='word_1_147' title='bbox 687 1635 816 1740; x_wconf 74' lang='lat' dir='ltr'>Quare</span> <span class='ocrx_word' id='word_1_148' title='bbox 831 1633 1068 1738; x_wconf 85' lang='lat' dir='ltr'>spirituroris</span> <span class='ocrx_word' id='word_1_149' title='bbox 1082 1639 1161 1712; x_wconf 88' lang='lat' dir='ltr'>auri</span> <span class='ocrx_word' id='word_1_150' title='bbox 1177 1631 1332 1712; x_wconf 69' lang='lat' dir='ltr'>tinelura</span> <span class='ocrx_word' id='word_1_151' title='bbox 1350 1637 1428 1712; x_wconf 90' lang='lat' dir='ltr'>elici</span> <span class='ocrx_word' id='word_1_152' title='bbox 1442 1635 1543 1730; x_wconf 86' lang='lat' dir='ltr'>solet,</span> <span class='ocrx_word' id='word_1_153' title='bbox 1566 1644 1742 1739; x_wconf 79' lang='lat' dir='ltr'>quoniam</span> <span class='ocrx_word' id='word_1_154' title='bbox 1850 1687 1853 1694; x_wconf 67' lang='lat'>,</span> 
     </span>
     <span class='ocr_line' id='line_1_15' title="bbox 25 1732 1744 1840; baseline 0.001 -21"><span class='ocrx_word' id='word_1_155' title='bbox 25 1797 27 1803; x_wconf 89' lang='lat'>-</span> <span class='ocrx_word' id='word_1_156' title='bbox 78 1747 120 1819; x_wconf 88' lang='lat' dir='ltr'>in</span> <span class='ocrx_word' id='word_1_157' title='bbox 143 1741 207 1816; x_wconf 92' lang='lat' dir='ltr'>illo</span> <span class='ocrx_word' id='word_1_158' title='bbox 220 1735 274 1816; x_wconf 87' lang='lat' dir='ltr'>est</span> <span class='ocrx_word' id='word_1_159' title='bbox 287 1737 433 1840; x_wconf 85' lang='lat' dir='ltr'>spiritus</span> <span class='ocrx_word' id='word_1_160' title='bbox 449 1735 534 1810; x_wconf 90' lang='lat' dir='ltr'>nitri</span> <span class='ocrx_word' id='word_1_161' title='bbox 548 1732 798 1812; x_wconf 83' lang='lat' dir='ltr'>subtilisfimue.</span> <span class='ocrx_word' id='word_1_162' title='bbox 860 1735 930 1811; x_wconf 86' lang='lat' dir='ltr'>Sed</span> <span class='ocrx_word' id='word_1_163' title='bbox 952 1735 1166 1813; x_wconf 79' lang='lat' dir='ltr'>hictentum</span> <span class='ocrx_word' id='word_1_164' title='bbox 1181 1735 1319 1812; x_wconf 82' lang='lat' dir='ltr'>abrasio</span> <span class='ocrx_word' id='word_1_165' title='bbox 1335 1734 1387 1812; x_wconf 85' lang='lat' dir='ltr'>est</span> <span class='ocrx_word' id='word_1_166' title='bbox 1402 1740 1661 1838; x_wconf 76' lang='lat' dir='ltr'>particulorum</span> <span class='ocrx_word' id='word_1_167' title='bbox 1678 1746 1744 1820; x_wconf 91' lang='lat' dir='ltr'>mi-</span> 
     </span>
     <span class='ocr_line' id='line_1_16' title="bbox 27 1832 1605 1958; baseline -0.004 -36"><span class='ocrx_word' id='word_1_168' title='bbox 27 1867 33 1878; x_wconf 89' lang='lat'><strong>·</strong></span> <span class='ocrx_word' id='word_1_169' title='bbox 78 1846 278 1941; x_wconf 82' lang='lat' dir='ltr'>nimarum,</span> <span class='ocrx_word' id='word_1_170' title='bbox 295 1837 381 1942; x_wconf 80' lang='lat' dir='ltr'>ip&#39;sae</span> <span class='ocrx_word' id='word_1_171' title='bbox 397 1857 505 1936; x_wconf 85' lang='lat' dir='ltr'>vero,</span> <span class='ocrx_word' id='word_1_172' title='bbox 518 1835 578 1958; x_wconf 76' lang='lat' dir='ltr'>vel</span> <span class='ocrx_word' id='word_1_173' title='bbox 590 1840 764 1937; x_wconf 72' lang='lat' dir='ltr'>minimae,</span> <span class='ocrx_word' id='word_1_174' title='bbox 777 1833 996 1914; x_wconf 82' lang='lat' dir='ltr'>essentialem</span> <span class='ocrx_word' id='word_1_175' title='bbox 1012 1835 1111 1914; x_wconf 84' lang='lat' dir='ltr'>suam</span> <span class='ocrx_word' id='word_1_176' title='bbox 1126 1836 1312 1914; x_wconf 82' lang='lat' dir='ltr'>misturam</span> <span class='ocrx_word' id='word_1_177' title='bbox 1326 1832 1493 1916; x_wconf 73' lang='lat' dir='ltr'>retinent.</span> <span class='ocrx_word' id='word_1_178' title='bbox 1602 1855 1605 1862; x_wconf 84' lang='grc'><em>·</em></span> 
     </span>
    </p>
   </div>
   <div class='ocr_carea' id='block_1_3' title="bbox 72 2020 1879 4660">
    <p class='ocr_par' dir='ltr' id='par_1_3' title="bbox 72 2020 1806 2248">
     <span class='ocr_line' id='line_1_17' title="bbox 72 2020 1806 2144; baseline 0.003 -26"><span class='ocrx_word' id='word_1_179' title='bbox 72 2081 78 2090; x_wconf 96' lang='grc'>-</span> <span class='ocrx_word' id='word_1_180' title='bbox 185 2035 358 2118; x_wconf 81' lang='lat' dir='ltr'>Asalium</span> <span class='ocrx_word' id='word_1_181' title='bbox 377 2035 509 2114; x_wconf 79' lang='lat' dir='ltr'>familia</span> <span class='ocrx_word' id='word_1_182' title='bbox 523 2035 568 2112; x_wconf 82' lang='lat' dir='ltr'>nd</span> <span class='ocrx_word' id='word_1_183' title='bbox 586 2039 725 2116; x_wconf 80' lang='lat' dir='ltr'>metulla</span> <span class='ocrx_word' id='word_1_184' title='bbox 741 2040 834 2138; x_wconf 83' lang='lat' dir='ltr'>itur,</span> <span class='ocrx_word' id='word_1_185' title='bbox 870 2041 966 2115; x_wconf 85' lang='lat' dir='ltr'>inter</span> <span class='ocrx_word' id='word_1_186' title='bbox 985 2063 1069 2136; x_wconf 83' lang='lat' dir='ltr'>quae</span> <span class='ocrx_word' id='word_1_187' title='bbox 1091 2040 1253 2140; x_wconf 91' lang='lat' dir='ltr'>primum</span> <span class='ocrx_word' id='word_1_188' title='bbox 1274 2020 1442 2116; x_wconf 84' lang='lat' dir='ltr'>omnium</span> <span class='ocrx_word' id='word_1_189' title='bbox 1456 2041 1632 2144; x_wconf 73' lang='lat' dir='ltr'>appellari</span> <span class='ocrx_word' id='word_1_190' title='bbox 1651 2041 1741 2124; x_wconf 88' lang='lat' dir='ltr'>solet</span> <span class='ocrx_word' id='word_1_191' title='bbox 1780 2083 1806 2141; x_wconf 78' lang='lat'>2</span> 
     </span>
     <span class='ocr_line' id='line_1_18' title="bbox 79 2130 1743 2248; baseline 0.001 -30"><span class='ocrx_word' id='word_1_192' title='bbox 79 2163 254 2248; x_wconf 76' lang='lat' dir='ltr'>argentum</span> <span class='ocrx_word' id='word_1_193' title='bbox 276 2149 404 2224; x_wconf 80' lang='lat' dir='ltr'>uiuum,</span> <span class='ocrx_word' id='word_1_194' title='bbox 437 2137 609 2215; x_wconf 79' lang='lat' dir='ltr'>mirabilis</span> <span class='ocrx_word' id='word_1_195' title='bbox 630 2130 802 2240; x_wconf 67' lang='lat' dir='ltr'>profesto</span> <span class='ocrx_word' id='word_1_196' title='bbox 825 2137 1043 2236; x_wconf 65' lang='lat' dir='ltr'>substernor,</span> <span class='ocrx_word' id='word_1_197' title='bbox 1068 2163 1150 2238; x_wconf 87' lang='lat' dir='ltr'>quae</span> <span class='ocrx_word' id='word_1_198' title='bbox 1178 2140 1275 2214; x_wconf 92' lang='lat' dir='ltr'>mille</span> <span class='ocrx_word' id='word_1_199' title='bbox 1296 2137 1333 2214; x_wconf 89' lang='lat' dir='ltr'>se</span> <span class='ocrx_word' id='word_1_200' title='bbox 1351 2141 1389 2214; x_wconf 88' lang='lat' dir='ltr'>in</span> <span class='ocrx_word' id='word_1_201' title='bbox 1410 2139 1548 2218; x_wconf 80' lang='lat' dir='ltr'>formas</span> <span class='ocrx_word' id='word_1_202' title='bbox 1574 2140 1684 2245; x_wconf 82' lang='lat' dir='ltr'>fingit</span> <span class='ocrx_word' id='word_1_203' title='bbox 1703 2147 1743 2226; x_wconf 75' lang='grc' dir='ltr'>ἅ</span> 
     </span>
    </p>

    <p class='ocr_par' dir='ltr' id='par_1_4' title="bbox 78 2237 1745 2546">
     <span class='ocr_line' id='line_1_19' title="bbox 80 2237 1742 2346; baseline 0.001 -25"><span class='ocrx_word' id='word_1_204' title='bbox 80 2243 178 2322; x_wconf 85' lang='lat' dir='ltr'>refin</span> <span class='ocrx_word' id='word_1_205' title='bbox 209 2245 254 2342; x_wconf 76' lang='grc' dir='ltr'>ἰ,</span> <span class='ocrx_word' id='word_1_206' title='bbox 280 2237 558 2339; x_wconf 81' lang='lat' dir='ltr'>quibuscunque</span> <span class='ocrx_word' id='word_1_207' title='bbox 572 2240 609 2313; x_wconf 93' lang='lat' dir='ltr'>in</span> <span class='ocrx_word' id='word_1_208' title='bbox 629 2238 765 2314; x_wconf 79' lang='lat' dir='ltr'>artibus</span> <span class='ocrx_word' id='word_1_209' title='bbox 788 2241 826 2316; x_wconf 81' lang='lat' dir='ltr'>dt</span> <span class='ocrx_word' id='word_1_210' title='bbox 842 2242 1103 2342; x_wconf 87' lang='lat' dir='ltr'>experimentis</span> <span class='ocrx_word' id='word_1_211' title='bbox 1119 2237 1276 2315; x_wconf 69' lang='lat' dir='ltr'>trndlntn</span> <span class='ocrx_word' id='word_1_212' title='bbox 1350 2237 1394 2314; x_wconf 90' lang='lat' dir='ltr'>Id</span> <span class='ocrx_word' id='word_1_213' title='bbox 1418 2242 1458 2315; x_wconf 91' lang='lat' dir='ltr'>in</span> <span class='ocrx_word' id='word_1_214' title='bbox 1477 2241 1540 2318; x_wconf 93' lang='lat' dir='ltr'>illo</span> <span class='ocrx_word' id='word_1_215' title='bbox 1554 2245 1742 2346; x_wconf 81' lang='lat' dir='ltr'>praecipue</span> 
     </span>
     <span class='ocr_line' id='line_1_20' title="bbox 80 2265 1745 2443; baseline 0.002 -23"><span class='ocrx_word' id='word_1_216' title='bbox 80 2265 375 2433; x_wconf 55' lang='lat' dir='ltr'>confibbrrtione</span> <span class='ocrx_word' id='word_1_217' title='bbox 398 2339 555 2443; x_wconf 87' lang='lat' dir='ltr'>dignum</span> <span class='ocrx_word' id='word_1_218' title='bbox 576 2335 645 2441; x_wconf 89' lang='lat' dir='ltr'>est,</span> <span class='ocrx_word' id='word_1_219' title='bbox 670 2339 807 2422; x_wconf 80' lang='lat' dir='ltr'>nullam</span> <span class='ocrx_word' id='word_1_220' title='bbox 826 2340 929 2414; x_wconf 83' lang='lat' dir='ltr'>aliam</span> <span class='ocrx_word' id='word_1_221' title='bbox 955 2336 1180 2416; x_wconf 79' lang='lat' dir='ltr'>substantiam</span> <span class='ocrx_word' id='word_1_222' title='bbox 1205 2342 1300 2414; x_wconf 90' lang='lat' dir='ltr'>inter</span> <span class='ocrx_word' id='word_1_223' title='bbox 1325 2341 1465 2416; x_wconf 82' lang='lat' dir='ltr'>merallu</span> <span class='ocrx_word' id='word_1_224' title='bbox 1492 2365 1595 2420; x_wconf 81' lang='lat' dir='ltr'>tanto</span> <span class='ocrx_word' id='word_1_225' title='bbox 1618 2367 1745 2424; x_wconf 84' lang='lat' dir='ltr'>umore</span> 
     </span>
     <span class='ocr_line' id='line_1_21' title="bbox 78 2437 1744 2546; baseline 0.002 -26"><span class='ocrx_word' id='word_1_226' title='bbox 78 2441 284 2546; x_wconf 71' lang='lat' dir='ltr'>complesti</span> <span class='ocrx_word' id='word_1_227' title='bbox 303 2463 457 2537; x_wconf 89' lang='lat' dir='ltr'>aurum,</span> <span class='ocrx_word' id='word_1_228' title='bbox 506 2442 566 2514; x_wconf 88' lang='lat' dir='ltr'>cui</span> <span class='ocrx_word' id='word_1_229' title='bbox 584 2440 693 2514; x_wconf 81' lang='lat' dir='ltr'>etiam</span> <span class='ocrx_word' id='word_1_230' title='bbox 717 2438 883 2540; x_wconf 89' lang='lat' dir='ltr'>pondere</span> <span class='ocrx_word' id='word_1_231' title='bbox 896 2441 1042 2538; x_wconf 80' lang='lat' dir='ltr'>aequnlis</span> <span class='ocrx_word' id='word_1_232' title='bbox 1056 2437 1126 2538; x_wconf 89' lang='lat' dir='ltr'>est,</span> <span class='ocrx_word' id='word_1_233' title='bbox 1151 2437 1270 2516; x_wconf 81' lang='lat' dir='ltr'>statim</span> <span class='ocrx_word' id='word_1_234' title='bbox 1291 2443 1389 2516; x_wconf 91' lang='lat' dir='ltr'>enim</span> <span class='ocrx_word' id='word_1_235' title='bbox 1411 2466 1501 2517; x_wconf 82' lang='lat' dir='ltr'>auro</span> <span class='ocrx_word' id='word_1_236' title='bbox 1523 2445 1667 2544; x_wconf 84' lang='lat' dir='ltr'>unitur,</span> <span class='ocrx_word' id='word_1_237' title='bbox 1690 2447 1744 2524; x_wconf 89' lang='lat' dir='ltr'>id&#39;·</span> 
     </span>
    </p>

    <p class='ocr_par' dir='ltr' id='par_1_5' title="bbox 77 2539 1879 2954">
     <span class='ocr_line' id='line_1_22' title="bbox 79 2539 1774 2652; baseline 0.002 -33"><span class='ocrx_word' id='word_1_238' title='bbox 79 2569 159 2644; x_wconf 90' lang='lat' dir='ltr'>que</span> <span class='ocrx_word' id='word_1_239' title='bbox 183 2544 302 2618; x_wconf 90' lang='lat' dir='ltr'>in-illo</span> <span class='ocrx_word' id='word_1_240' title='bbox 320 2543 518 2644; x_wconf 83' lang='lat' dir='ltr'>mergitur,</span> <span class='ocrx_word' id='word_1_241' title='bbox 542 2563 627 2616; x_wconf 91' lang='lat' dir='ltr'>cum</span> <span class='ocrx_word' id='word_1_242' title='bbox 641 2563 759 2616; x_wconf 81' lang='lat' dir='ltr'>cetera</span> <span class='ocrx_word' id='word_1_243' title='bbox 772 2542 896 2616; x_wconf 83' lang='lat' dir='ltr'>omnia</span> <span class='ocrx_word' id='word_1_244' title='bbox 910 2541 1048 2617; x_wconf 80' lang='lat' dir='ltr'>metalla</span> <span class='ocrx_word' id='word_1_245' title='bbox 1067 2539 1320 2644; x_wconf 82' lang='lat' dir='ltr'>supernatent,</span> <span class='ocrx_word' id='word_1_246' title='bbox 1339 2540 1376 2616; x_wconf 93' lang='lat' dir='ltr'>id</span> <span class='ocrx_word' id='word_1_247' title='bbox 1398 2541 1502 2642; x_wconf 89' lang='lat' dir='ltr'>quod</span> <span class='ocrx_word' id='word_1_248' title='bbox 1523 2569 1570 2621; x_wconf 85' lang='lat' dir='ltr'>ex</span> <span class='ocrx_word' id='word_1_249' title='bbox 1589 2545 1743 2652; x_wconf 77' lang='lat' dir='ltr'>amalga-</span> <span class='ocrx_word' id='word_1_250' title='bbox 1769 2623 1774 2629; x_wconf 80' lang='grc'><strong>,</strong></span> 
     </span>
     <span class='ocr_line' id='line_1_23' title="bbox 79 2639 1824 2745; baseline 0.002 -24"><span class='ocrx_word' id='word_1_251' title='bbox 79 2667 181 2724; x_wconf 78' lang='lat' dir='ltr'>mate</span> <span class='ocrx_word' id='word_1_252' title='bbox 195 2643 371 2719; x_wconf 87' lang='lat' dir='ltr'>Mercurii</span> <span class='ocrx_word' id='word_1_253' title='bbox 385 2639 587 2718; x_wconf 81' lang='lat' dir='ltr'>luculenter</span> <span class='ocrx_word' id='word_1_254' title='bbox 602 2661 711 2741; x_wconf 83' lang='lat' dir='ltr'>patet.</span> <span class='ocrx_word' id='word_1_255' title='bbox 763 2640 842 2742; x_wconf 74' lang='lat' dir='ltr'>Qui</span> <span class='ocrx_word' id='word_1_256' title='bbox 855 2640 948 2716; x_wconf 83' lang='lat' dir='ltr'>hanc</span> <span class='ocrx_word' id='word_1_257' title='bbox 965 2639 1191 2720; x_wconf 75' lang='lat' dir='ltr'>substantiam</span> <span class='ocrx_word' id='word_1_258' title='bbox 1206 2644 1300 2716; x_wconf 90' lang='lat' dir='ltr'>inter</span> <span class='ocrx_word' id='word_1_259' title='bbox 1318 2645 1499 2745; x_wconf 85' lang='lat' dir='ltr'>principia</span> <span class='ocrx_word' id='word_1_260' title='bbox 1512 2647 1745 2729; x_wconf 82' lang='lat' dir='ltr'>metallorum</span> <span class='ocrx_word' id='word_1_261' title='bbox 1797 2689 1802 2702; x_wconf 77' lang='lat'>=</span> <span class='ocrx_word' id='word_1_262' title='bbox 1822 2709 1824 2714; x_wconf 87' lang='lat'><em>.</em></span> 
     </span>
     <span class='ocr_line' id='line_1_24' title="bbox 78 2738 1879 2850; baseline 0.004 -30"><span class='ocrx_word' id='word_1_263' title='bbox 78 2767 245 2850; x_wconf 88' lang='lat' dir='ltr'>ponunt,</span> <span class='ocrx_word' id='word_1_264' title='bbox 266 2745 423 2845; x_wconf 85' lang='lat' dir='ltr'>propius</span> <span class='ocrx_word' id='word_1_265' title='bbox 437 2740 595 2817; x_wconf 78' lang='lat' dir='ltr'>absuntn</span> <span class='ocrx_word' id='word_1_266' title='bbox 611 2763 716 2837; x_wconf 88' lang='lat' dir='ltr'>vero,</span> <span class='ocrx_word' id='word_1_267' title='bbox 743 2764 821 2815; x_wconf 94' lang='lat' dir='ltr'>non</span> <span class='ocrx_word' id='word_1_268' title='bbox 834 2762 955 2814; x_wconf 81' lang='lat' dir='ltr'>temen</span> <span class='ocrx_word' id='word_1_269' title='bbox 968 2763 1100 2815; x_wconf 89' lang='lat' dir='ltr'>verum</span> <span class='ocrx_word' id='word_1_270' title='bbox 1114 2738 1181 2815; x_wconf 84' lang='lat' dir='ltr'>elle</span> <span class='ocrx_word' id='word_1_271' title='bbox 1196 2743 1431 2842; x_wconf 88' lang='lat' dir='ltr'>principium,</span> <span class='ocrx_word' id='word_1_272' title='bbox 1444 2769 1521 2822; x_wconf 93' lang='lat' dir='ltr'>uno</span> <span class='ocrx_word' id='word_1_273' title='bbox 1535 2771 1741 2828; x_wconf 86' lang='lat' dir='ltr'>oreomnes</span> <span class='ocrx_word' id='word_1_274' title='bbox 1873 2739 1879 2757; x_wconf 86' lang='grc'>’</span> 
     </span>
     <span class='ocr_line' id='line_1_25' title="bbox 77 2837 1744 2954; baseline 0.001 -32"><span class='ocrx_word' id='word_1_275' title='bbox 77 2849 132 2922; x_wconf 90' lang='lat' dir='ltr'>illi</span> <span class='ocrx_word' id='word_1_276' title='bbox 148 2843 294 2942; x_wconf 86' lang='lat' dir='ltr'>dicunt,</span> <span class='ocrx_word' id='word_1_277' title='bbox 319 2845 383 2942; x_wconf 91' lang='lat' dir='ltr'>qui</span> <span class='ocrx_word' id='word_1_278' title='bbox 397 2840 599 2941; x_wconf 84' lang='lat' dir='ltr'>Chymiam</span> <span class='ocrx_word' id='word_1_279' title='bbox 617 2837 716 2915; x_wconf 80' lang='lat' dir='ltr'>istam</span> <span class='ocrx_word' id='word_1_280' title='bbox 731 2839 963 2916; x_wconf 88' lang='lat' dir='ltr'>secretiorem</span> <span class='ocrx_word' id='word_1_281' title='bbox 983 2838 1226 2942; x_wconf 85' lang='lat' dir='ltr'>profitentur,</span> <span class='ocrx_word' id='word_1_282' title='bbox 1249 2853 1357 2938; x_wconf 86' lang='lat' dir='ltr'>¹utque</span> <span class='ocrx_word' id='word_1_283' title='bbox 1377 2843 1472 2918; x_wconf 91' lang='lat' dir='ltr'>inter</span> <span class='ocrx_word' id='word_1_284' title='bbox 1494 2848 1574 2922; x_wconf 91' lang='lat' dir='ltr'>illos</span> <span class='ocrx_word' id='word_1_285' title='bbox 1594 2849 1744 2954; x_wconf 81' lang='lat' dir='ltr'>Lullius,</span> 
     </span>
    </p>

    <p class='ocr_par' dir='ltr' id='par_1_6' title="bbox 80 2938 1743 3151">
     <span class='ocr_line' id='line_1_26' title="bbox 80 2938 1743 3052; baseline 0.003 -30"><span class='ocrx_word' id='word_1_286' title='bbox 80 2950 150 3048; x_wconf 89' lang='lat' dir='ltr'>qui</span> <span class='ocrx_word' id='word_1_287' title='bbox 166 2966 361 3049; x_wconf 85' lang='lat' dir='ltr'>argentum</span> <span class='ocrx_word' id='word_1_288' title='bbox 376 2945 505 3018; x_wconf 88' lang='lat' dir='ltr'>vivum</span> <span class='ocrx_word' id='word_1_289' title='bbox 519 2943 615 3018; x_wconf 91' lang='lat' dir='ltr'>inter</span> <span class='ocrx_word' id='word_1_290' title='bbox 630 2941 809 3043; x_wconf 82' lang='lat' dir='ltr'>principia</span> <span class='ocrx_word' id='word_1_291' title='bbox 832 2940 965 3016; x_wconf 78' lang='lat' dir='ltr'>metalli</span> <span class='ocrx_word' id='word_1_292' title='bbox 985 2938 1204 3042; x_wconf 89' lang='lat' dir='ltr'>ponendum</span> <span class='ocrx_word' id='word_1_293' title='bbox 1225 2938 1293 3016; x_wconf 88' lang='lat' dir='ltr'>else</span> <span class='ocrx_word' id='word_1_294' title='bbox 1307 2940 1455 3042; x_wconf 83' lang='lat' dir='ltr'>judicat,</span> <span class='ocrx_word' id='word_1_295' title='bbox 1480 2943 1539 3020; x_wconf 90' lang='lat' dir='ltr'>sed</span> <span class='ocrx_word' id='word_1_296' title='bbox 1562 2951 1743 3052; x_wconf 79' lang='lat' dir='ltr'>nyulgari</span> 
     </span>
     <span class='ocr_line' id='line_1_27' title="bbox 80 3039 1742 3151; baseline 0.001 -27"><span class='ocrx_word' id='word_1_297' title='bbox 80 3069 241 3151; x_wconf 81' lang='lat' dir='ltr'>argento</span> <span class='ocrx_word' id='word_1_298' title='bbox 257 3048 347 3120; x_wconf 92' lang='lat' dir='ltr'>vivo</span> <span class='ocrx_word' id='word_1_299' title='bbox 367 3039 571 3147; x_wconf 87' lang='lat' dir='ltr'>distinguit,</span> <span class='ocrx_word' id='word_1_300' title='bbox 597 3066 638 3120; x_wconf 90' lang='lat' dir='ltr'>ut</span> <span class='ocrx_word' id='word_1_301' title='bbox 651 3066 768 3119; x_wconf 91' lang='lat' dir='ltr'>ovum</span> <span class='ocrx_word' id='word_1_302' title='bbox 788 3039 1004 3118; x_wconf 78' lang='lat' dir='ltr'>foecundum</span> <span class='ocrx_word' id='word_1_303' title='bbox 1029 3042 1072 3118; x_wconf 83' lang='lat' dir='ltr'>ab</span> <span class='ocrx_word' id='word_1_304' title='bbox 1086 3065 1164 3118; x_wconf 90' lang='lat' dir='ltr'>ovo</span> <span class='ocrx_word' id='word_1_305' title='bbox 1181 3039 1440 3118; x_wconf 81' lang='lat' dir='ltr'>subventaneo.</span> <span class='ocrx_word' id='word_1_306' title='bbox 1500 3045 1555 3122; x_wconf 93' lang='lat' dir='ltr'>llli</span> <span class='ocrx_word' id='word_1_307' title='bbox 1570 3045 1613 3122; x_wconf 81' lang='lat' dir='ltr'>sc</span> <span class='ocrx_word' id='word_1_308' title='bbox 1631 3075 1742 3146; x_wconf 87' lang='lat' dir='ltr'>quan-</span> 
     </span>
    </p>

    <p class='ocr_par' dir='ltr' id='par_1_7' title="bbox 80 3143 1867 4660">
     <span class='ocr_line' id='line_1_28' title="bbox 80 3143 1743 3251; baseline 0.002 -28"><span class='ocrx_word' id='word_1_309' title='bbox 80 3151 135 3224; x_wconf 89' lang='lat' dir='ltr'>do</span> <span class='ocrx_word' id='word_1_310' title='bbox 151 3167 345 3251; x_wconf 87' lang='lat' dir='ltr'>argentum</span> <span class='ocrx_word' id='word_1_311' title='bbox 365 3145 494 3222; x_wconf 88' lang='lat' dir='ltr'>vivum</span> <span class='ocrx_word' id='word_1_312' title='bbox 504 3143 622 3244; x_wconf 87' lang='lat' dir='ltr'>suum,</span> <span class='ocrx_word' id='word_1_313' title='bbox 646 3168 714 3221; x_wconf 88' lang='lat' dir='ltr'>ceu</span> <span class='ocrx_word' id='word_1_314' title='bbox 730 3143 953 3246; x_wconf 80' lang='lat' dir='ltr'>principium</span> <span class='ocrx_word' id='word_1_315' title='bbox 965 3143 1202 3242; x_wconf 86' lang='lat' dir='ltr'>metallicum,</span> <span class='ocrx_word' id='word_1_316' title='bbox 1218 3144 1422 3244; x_wconf 90' lang='lat' dir='ltr'>requirunt,</span> <span class='ocrx_word' id='word_1_317' title='bbox 1438 3144 1549 3247; x_wconf 80' lang='lat' dir='ltr'>ajunt,</span> <span class='ocrx_word' id='word_1_318' title='bbox 1572 3146 1639 3224; x_wconf 87' lang='lat' dir='ltr'>else</span> <span class='ocrx_word' id='word_1_319' title='bbox 1654 3151 1743 3228; x_wconf 91' lang='lat' dir='ltr'>illud</span> 
     </span>
     <span class='ocr_line' id='line_1_29' title="bbox 82 3241 1815 3350; baseline 0.002 -25"><span class='ocrx_word' id='word_1_320' title='bbox 82 3273 225 3350; x_wconf 88' lang='lat' dir='ltr'>corpus</span> <span class='ocrx_word' id='word_1_321' title='bbox 245 3249 462 3344; x_wconf 76' lang='lat' dir='ltr'>metallicum</span> <span class='ocrx_word' id='word_1_322' title='bbox 478 3245 617 3346; x_wconf 83' lang='lat' dir='ltr'>summe</span> <span class='ocrx_word' id='word_1_323' title='bbox 630 3243 783 3344; x_wconf 71' lang='lat' dir='ltr'>dudlile,</span> <span class='ocrx_word' id='word_1_324' title='bbox 806 3241 1213 3341; x_wconf 81' lang='lat' dir='ltr'>lentum&amp;viscosum,</span> <span class='ocrx_word' id='word_1_325' title='bbox 1235 3242 1499 3348; x_wconf 89' lang='lat' dir='ltr'>ponderosum,</span> <span class='ocrx_word' id='word_1_326' title='bbox 1536 3251 1583 3326; x_wconf 90' lang='lat' dir='ltr'>ita</span> <span class='ocrx_word' id='word_1_327' title='bbox 1605 3271 1647 3324; x_wconf 86' lang='lat' dir='ltr'>ut</span> <span class='ocrx_word' id='word_1_328' title='bbox 1668 3254 1772 3328; x_wconf 85' lang='lat' dir='ltr'>nuri.</span> <span class='ocrx_word' id='word_1_329' title='bbox 1812 3301 1815 3306; x_wconf 91' lang='lat'><em>-</em></span> 
     </span>
     <span class='ocr_line' id='line_1_30' title="bbox 81 3341 1814 3520; baseline 0.003 -95"><span class='ocrx_word' id='word_1_330' title='bbox 81 3347 237 3454; x_wconf 88' lang='lat' dir='ltr'>pondus</span> <span class='ocrx_word' id='word_1_331' title='bbox 251 3371 384 3446; x_wconf 82' lang='lat' dir='ltr'>aequet,</span> <span class='ocrx_word' id='word_1_332' title='bbox 404 3341 484 3424; x_wconf 90' lang='lat' dir='ltr'>non</span> <span class='ocrx_word' id='word_1_333' title='bbox 499 3351 660 3445; x_wconf 86' lang='lat' dir='ltr'>currens,</span> <span class='ocrx_word' id='word_1_334' title='bbox 672 3369 713 3422; x_wconf 92' lang='lat' dir='ltr'>ut</span> <span class='ocrx_word' id='word_1_335' title='bbox 731 3347 881 3448; x_wconf 85' lang='lat' dir='ltr'>vulgare</span> <span class='ocrx_word' id='word_1_336' title='bbox 895 3361 1088 3520; x_wconf 52' lang='lat' dir='ltr'>aggentum</span> <span class='ocrx_word' id='word_1_337' title='bbox 1103 3345 1253 3443; x_wconf 88' lang='lat' dir='ltr'>vivum,</span> <span class='ocrx_word' id='word_1_338' title='bbox 1276 3343 1336 3420; x_wconf 88' lang='lat' dir='ltr'>sed</span> <span class='ocrx_word' id='word_1_339' title='bbox 1353 3351 1529 3426; x_wconf 82' lang='lat' dir='ltr'>tamenin</span> <span class='ocrx_word' id='word_1_340' title='bbox 1549 3351 1636 3452; x_wconf 85' lang='lat' dir='ltr'>igne</span> <span class='ocrx_word' id='word_1_341' title='bbox 1649 3351 1743 3431; x_wconf 53' lang='lat' dir='ltr'>sume</span> <span class='ocrx_word' id='word_1_342' title='bbox 1809 3365 1814 3378; x_wconf 89' lang='lat'>&#39;</span> 
     </span>
     <span class='ocr_line' id='line_1_31' title="bbox 82 3441 1742 3549; baseline 0.004 -23"><span class='ocrx_word' id='word_1_343' title='bbox 82 3450 331 3548; x_wconf 83' lang='lat' dir='ltr'>mevolntile,</span> <span class='ocrx_word' id='word_1_344' title='bbox 356 3448 406 3548; x_wconf 74' lang='grc' dir='ltr'>ἃ,</span> <span class='ocrx_word' id='word_1_345' title='bbox 429 3470 471 3524; x_wconf 92' lang='lat' dir='ltr'>ut</span> <span class='ocrx_word' id='word_1_346' title='bbox 492 3473 568 3530; x_wconf 92' lang='lat' dir='ltr'>uno</span> <span class='ocrx_word' id='word_1_347' title='bbox 591 3447 708 3522; x_wconf 89' lang='lat' dir='ltr'>verbo</span> <span class='ocrx_word' id='word_1_348' title='bbox 730 3441 869 3542; x_wconf 87' lang='lat' dir='ltr'>dicam,</span> <span class='ocrx_word' id='word_1_349' title='bbox 902 3464 916 3518; x_wconf 89' lang='lat' dir='ltr'>t</span> <span class='ocrx_word' id='word_1_350' title='bbox 950 3467 1010 3518; x_wconf 91' lang='lat' dir='ltr'>em</span> <span class='ocrx_word' id='word_1_351' title='bbox 1025 3447 1229 3549; x_wconf 81' lang='lat' dir='ltr'>materiam,</span> <span class='ocrx_word' id='word_1_352' title='bbox 1266 3469 1349 3543; x_wconf 82' lang='lat' dir='ltr'>quae</span> <span class='ocrx_word' id='word_1_353' title='bbox 1370 3447 1539 3523; x_wconf 91' lang='lat' dir='ltr'>nondum</span> <span class='ocrx_word' id='word_1_354' title='bbox 1558 3473 1685 3528; x_wconf 84' lang='lat' dir='ltr'>nurum</span> <span class='ocrx_word' id='word_1_355' title='bbox 1703 3453 1742 3532; x_wconf 75' lang='grc' dir='ltr'>ἃ</span> 
     </span>
     <span class='ocr_line' id='line_1_32' title="bbox 82 3541 1742 3654; baseline 0.002 -26"><span class='ocrx_word' id='word_1_356' title='bbox 82 3573 293 3654; x_wconf 85' lang='lat' dir='ltr'>argentum,</span> <span class='ocrx_word' id='word_1_357' title='bbox 318 3571 380 3626; x_wconf 85' lang='lat' dir='ltr'>aut</span> <span class='ocrx_word' id='word_1_358' title='bbox 401 3547 497 3626; x_wconf 87' lang='lat' dir='ltr'>aliud</span> <span class='ocrx_word' id='word_1_359' title='bbox 519 3547 715 3646; x_wconf 80' lang='lat' dir='ltr'>metallum,</span> <span class='ocrx_word' id='word_1_360' title='bbox 733 3543 803 3644; x_wconf 85' lang='lat' dir='ltr'>est,</span> <span class='ocrx_word' id='word_1_361' title='bbox 827 3542 886 3620; x_wconf 89' lang='lat' dir='ltr'>sed</span> <span class='ocrx_word' id='word_1_362' title='bbox 908 3541 1159 3622; x_wconf 83' lang='lat' dir='ltr'>rudimentum</span> <span class='ocrx_word' id='word_1_363' title='bbox 1176 3545 1273 3646; x_wconf 78' lang='lat' dir='ltr'>quest</span> <span class='ocrx_word' id='word_1_364' title='bbox 1289 3546 1327 3623; x_wconf 75' lang='grc' dir='ltr'>ἃ</span> <span class='ocrx_word' id='word_1_365' title='bbox 1350 3547 1509 3651; x_wconf 88' lang='lat' dir='ltr'>embryo</span> <span class='ocrx_word' id='word_1_366' title='bbox 1534 3553 1742 3654; x_wconf 76' lang='lat' dir='ltr'>metallicus,</span> 
     </span>
     <span class='ocr_line' id='line_1_33' title="bbox 83 3629 1742 3763; baseline 0.002 -35"><span class='ocrx_word' id='word_1_367' title='bbox 83 3676 217 3728; x_wconf 83' lang='lat' dir='ltr'>nutum</span> <span class='ocrx_word' id='word_1_368' title='bbox 234 3653 272 3730; x_wconf 77' lang='grc' dir='ltr'>ὅ(</span> <span class='ocrx_word' id='word_1_369' title='bbox 289 3673 483 3756; x_wconf 83' lang='lat' dir='ltr'>argentum</span> <span class='ocrx_word' id='word_1_370' title='bbox 505 3653 754 3763; x_wconf 80' lang='lat' dir='ltr'>immaturum,</span> <span class='ocrx_word' id='word_1_371' title='bbox 771 3645 885 3744; x_wconf 63' lang='lat' dir='ltr'>quod⁴</span> <span class='ocrx_word' id='word_1_372' title='bbox 892 3644 1058 3747; x_wconf 87' lang='lat' dir='ltr'>pondere</span> <span class='ocrx_word' id='word_1_373' title='bbox 1072 3644 1135 3722; x_wconf 90' lang='lat' dir='ltr'>suo</span> <span class='ocrx_word' id='word_1_374' title='bbox 1157 3629 1322 3750; x_wconf 82' lang='lat' dir='ltr'>dignosci</span> <span class='ocrx_word' id='word_1_375' title='bbox 1336 3647 1438 3724; x_wconf 84' lang='lat' dir='ltr'>facile</span> <span class='ocrx_word' id='word_1_376' title='bbox 1451 3649 1579 3753; x_wconf 87' lang='lat' dir='ltr'>poffit,</span> <span class='ocrx_word' id='word_1_377' title='bbox 1598 3650 1742 3732; x_wconf 91' lang='lat' dir='ltr'>summo</span> 
     </span>
     <span class='ocr_line' id='line_1_34' title="bbox 83 3743 1867 3854; baseline 0.002 -26"><span class='ocrx_word' id='word_1_378' title='bbox 83 3772 209 3828; x_wconf 84' lang='lat' dir='ltr'>nutem</span> <span class='ocrx_word' id='word_1_379' title='bbox 224 3750 341 3828; x_wconf 89' lang='lat' dir='ltr'>studio</span> <span class='ocrx_word' id='word_1_380' title='bbox 354 3751 398 3828; x_wconf 82' lang='lat' dir='ltr'>ab</span> <span class='ocrx_word' id='word_1_381' title='bbox 410 3754 477 3826; x_wconf 86' lang='lat' dir='ltr'>illis</span> <span class='ocrx_word' id='word_1_382' title='bbox 492 3753 636 3838; x_wconf 80' lang='lat' dir='ltr'>celatur.</span> <span class='ocrx_word' id='word_1_383' title='bbox 685 3747 774 3823; x_wconf 86' lang='lat' dir='ltr'>Hoc</span> <span class='ocrx_word' id='word_1_384' title='bbox 789 3748 954 3848; x_wconf 88' lang='lat' dir='ltr'>primum</span> <span class='ocrx_word' id='word_1_385' title='bbox 970 3746 1038 3823; x_wconf 90' lang='lat' dir='ltr'>illis</span> <span class='ocrx_word' id='word_1_386' title='bbox 1053 3745 1104 3822; x_wconf 91' lang='lat' dir='ltr'>est</span> <span class='ocrx_word' id='word_1_387' title='bbox 1120 3748 1158 3824; x_wconf 80' lang='lat' dir='ltr'>dr</span> <span class='ocrx_word' id='word_1_388' title='bbox 1175 3751 1355 3825; x_wconf 84' lang='lat' dir='ltr'>materiale</span> <span class='ocrx_word' id='word_1_389' title='bbox 1370 3752 1612 3853; x_wconf 86' lang='lat' dir='ltr'>principium,</span> <span class='ocrx_word' id='word_1_390' title='bbox 1638 3751 1742 3854; x_wconf 84' lang='lat' dir='ltr'>quod</span> <span class='ocrx_word' id='word_1_391' title='bbox 1862 3743 1867 3756; x_wconf 45' lang='lat'>⁵</span> 
     </span>
     <span class='ocr_line' id='line_1_35' title="bbox 86 3841 1744 3954; baseline 0.002 -26"><span class='ocrx_word' id='word_1_392' title='bbox 86 3869 287 3930; x_wconf 74' lang='lat' dir='ltr'>certe-cum</span> <span class='ocrx_word' id='word_1_393' title='bbox 302 3874 460 3954; x_wconf 88' lang='lat' dir='ltr'>ponunt,</span> <span class='ocrx_word' id='word_1_394' title='bbox 484 3852 574 3926; x_wconf 85' lang='lat' dir='ltr'>nibil</span> <span class='ocrx_word' id='word_1_395' title='bbox 589 3847 730 3926; x_wconf 79' lang='lat' dir='ltr'>absurdi</span> <span class='ocrx_word' id='word_1_396' title='bbox 739 3841 1071 3924; x_wconf 77' lang='lat' dir='ltr'>comminiscunnrr.</span> <span class='ocrx_word' id='word_1_397' title='bbox 1121 3846 1199 3949; x_wconf 83' lang='lat' dir='ltr'>lpsa</span> <span class='ocrx_word' id='word_1_398' title='bbox 1212 3852 1310 3924; x_wconf 88' lang='lat' dir='ltr'>enim</span> <span class='ocrx_word' id='word_1_399' title='bbox 1322 3850 1744 3950; x_wconf 80' lang='lat' dir='ltr'>compulitio&amp;textura</span> 
     </span>
     <span class='ocr_line' id='line_1_36' title="bbox 85 3947 1821 4058; baseline 0.002 -30"><span class='ocrx_word' id='word_1_400' title='bbox 85 3953 364 4058; x_wconf 77' lang='lat' dir='ltr'>metallicrguit,</span> <span class='ocrx_word' id='word_1_401' title='bbox 381 3977 427 4029; x_wconf 86' lang='lat' dir='ltr'>ex</span> <span class='ocrx_word' id='word_1_402' title='bbox 443 3947 860 4050; x_wconf 81' lang='lat' dir='ltr'>taliquudamsubstantia</span> <span class='ocrx_word' id='word_1_403' title='bbox 877 3949 1056 4048; x_wconf 88' lang='lat' dir='ltr'>componi</span> <span class='ocrx_word' id='word_1_404' title='bbox 1068 3947 1200 4024; x_wconf 84' lang='lat' dir='ltr'>debere</span> <span class='ocrx_word' id='word_1_405' title='bbox 1214 3951 1410 4025; x_wconf 84' lang='lat' dir='ltr'>metallum.</span> <span class='ocrx_word' id='word_1_406' title='bbox 1460 3951 1630 4030; x_wconf 85' lang='lat' dir='ltr'>Alterum</span> <span class='ocrx_word' id='word_1_407' title='bbox 1672 3960 1743 4034; x_wconf 88' lang='lat' dir='ltr'>rin·</span> <span class='ocrx_word' id='word_1_408' title='bbox 1818 3957 1821 3964; x_wconf 84' lang='grc'><strong>’</strong></span> 
     </span>
     <span class='ocr_line' id='line_1_37' title="bbox 87 3981 1744 4156; baseline 0.001 -26"><span class='ocrx_word' id='word_1_409' title='bbox 87 4055 228 4156; x_wconf 84' lang='lat' dir='ltr'>cipium</span> <span class='ocrx_word' id='word_1_410' title='bbox 243 4075 475 4156; x_wconf 87' lang='lat' dir='ltr'>componens</span> <span class='ocrx_word' id='word_1_411' title='bbox 494 4051 634 4129; x_wconf 80' lang='lat' dir='ltr'>metalla</span> <span class='ocrx_word' id='word_1_412' title='bbox 646 4050 781 4154; x_wconf 74' lang='lat' dir='ltr'>fidplrur</span> <span class='ocrx_word' id='word_1_413' title='bbox 797 4071 948 4152; x_wconf 75' lang='lat' dir='ltr'>vocent,</span> <span class='ocrx_word' id='word_1_414' title='bbox 972 4047 1134 4148; x_wconf 89' lang='lat' dir='ltr'>illudque</span> <span class='ocrx_word' id='word_1_415' title='bbox 1148 4051 1338 4152; x_wconf 89' lang='lat' dir='ltr'>geminum</span> <span class='ocrx_word' id='word_1_416' title='bbox 1354 4047 1501 4152; x_wconf 88' lang='lat' dir='ltr'>faciunt,</span> <span class='ocrx_word' id='word_1_417' title='bbox 1515 4052 1618 4127; x_wconf 80' lang='lat' dir='ltr'>album</span> <span class='ocrx_word' id='word_1_418' title='bbox 1634 3981 1672 4134; x_wconf 52' lang='grc' dir='ltr'><em>ἓ</em></span> <span class='ocrx_word' id='word_1_419' title='bbox 1689 4087 1744 4132; x_wconf 85' lang='lat' dir='ltr'>ru·</span> 
     </span>
     <span class='ocr_line' id='line_1_38' title="bbox 87 4147 1809 4256; baseline 0.003 -28"><span class='ocrx_word' id='word_1_420' title='bbox 87 4153 202 4242; x_wconf 67' lang='lat' dir='ltr'>branc</span> <span class='ocrx_word' id='word_1_421' title='bbox 211 4177 324 4256; x_wconf 86' lang='lat' dir='ltr'>prout</span> <span class='ocrx_word' id='word_1_422' title='bbox 341 4153 388 4230; x_wconf 89' lang='lat' dir='ltr'>de</span> <span class='ocrx_word' id='word_1_423' title='bbox 400 4154 525 4230; x_wconf 83' lang='lat' dir='ltr'>albore</span> <span class='ocrx_word' id='word_1_424' title='bbox 538 4152 576 4229; x_wconf 75' lang='grc' dir='ltr'>ἃ</span> <span class='ocrx_word' id='word_1_425' title='bbox 590 4153 727 4228; x_wconf 79' lang='lat' dir='ltr'>rubore</span> <span class='ocrx_word' id='word_1_426' title='bbox 743 4152 883 4226; x_wconf 80' lang='lat' dir='ltr'>metalla</span> <span class='ocrx_word' id='word_1_427' title='bbox 896 4151 1127 4252; x_wconf 84' lang='lat' dir='ltr'>participant,</span> <span class='ocrx_word' id='word_1_428' title='bbox 1149 4151 1209 4225; x_wconf 93' lang='lat' dir='ltr'>vel</span> <span class='ocrx_word' id='word_1_429' title='bbox 1226 4147 1428 4251; x_wconf 79' lang='lat' dir='ltr'>copiofiu&#39;s,</span> <span class='ocrx_word' id='word_1_430' title='bbox 1449 4155 1508 4230; x_wconf 91' lang='lat' dir='ltr'>vel</span> <span class='ocrx_word' id='word_1_431' title='bbox 1527 4159 1665 4256; x_wconf 88' lang='lat' dir='ltr'>purius,</span> <span class='ocrx_word' id='word_1_432' title='bbox 1682 4159 1743 4234; x_wconf 90' lang='lat' dir='ltr'>vel</span> <span class='ocrx_word' id='word_1_433' title='bbox 1804 4189 1809 4194; x_wconf 93' lang='lat'>·</span> 
     </span>
     <span class='ocr_line' id='line_1_39' title="bbox 87 4248 1742 4365; baseline 0.001 -33"><span class='ocrx_word' id='word_1_434' title='bbox 87 4259 244 4360; x_wconf 81' lang='lat' dir='ltr'>parcius,</span> <span class='ocrx_word' id='word_1_435' title='bbox 261 4256 321 4330; x_wconf 91' lang='lat' dir='ltr'>vel</span> <span class='ocrx_word' id='word_1_436' title='bbox 334 4257 525 4358; x_wconf 86' lang='lat' dir='ltr'>impurius,</span> <span class='ocrx_word' id='word_1_437' title='bbox 540 4251 746 4329; x_wconf 76' lang='lat' dir='ltr'>admistum.</span> <span class='ocrx_word' id='word_1_438' title='bbox 780 4251 904 4350; x_wconf 89' lang='lat' dir='ltr'>Atque</span> <span class='ocrx_word' id='word_1_439' title='bbox 920 4248 1167 4365; x_wconf 73' lang='lat' dir='ltr'>haecperfedln</span> <span class='ocrx_word' id='word_1_440' title='bbox 1174 4251 1345 4326; x_wconf 78' lang='lat' dir='ltr'>metallica</span> <span class='ocrx_word' id='word_1_441' title='bbox 1363 4249 1564 4355; x_wconf 78' lang='lat' dir='ltr'>substantia,</span> <span class='ocrx_word' id='word_1_442' title='bbox 1580 4257 1640 4332; x_wconf 90' lang='lat' dir='ltr'>vel</span> <span class='ocrx_word' id='word_1_443' title='bbox 1653 4255 1742 4334; x_wconf 88' lang='lat' dir='ltr'>illud</span> 
     </span>
     <span class='ocr_line' id='line_1_40' title="bbox 88 4347 1745 4462; baseline -0.003 -27"><span class='ocrx_word' id='word_1_444' title='bbox 88 4379 303 4462; x_wconf 80' lang='lat' dir='ltr'>argentum,</span> <span class='ocrx_word' id='word_1_445' title='bbox 327 4356 388 4430; x_wconf 93' lang='lat' dir='ltr'>vel</span> <span class='ocrx_word' id='word_1_446' title='bbox 401 4377 529 4430; x_wconf 80' lang='lat' dir='ltr'>rurum</span> <span class='ocrx_word' id='word_1_447' title='bbox 544 4356 798 4449; x_wconf 76' lang='lat' dir='ltr'>immamrum3</span> <span class='ocrx_word' id='word_1_448' title='bbox 816 4352 891 4451; x_wconf 76' lang='lat' dir='ltr'>jam</span> <span class='ocrx_word' id='word_1_449' title='bbox 908 4373 987 4426; x_wconf 90' lang='lat' dir='ltr'>tum</span> <span class='ocrx_word' id='word_1_450' title='bbox 1002 4375 1038 4424; x_wconf 85' lang='lat' dir='ltr'>tn</span> <span class='ocrx_word' id='word_1_451' title='bbox 1053 4355 1174 4452; x_wconf 84' lang='lat' dir='ltr'>prima</span> <span class='ocrx_word' id='word_1_452' title='bbox 1188 4347 1246 4424; x_wconf 84' lang='lat' dir='ltr'>sun</span> <span class='ocrx_word' id='word_1_453' title='bbox 1265 4347 1410 4429; x_wconf 77' lang='lat' dir='ltr'>mistura</span> <span class='ocrx_word' id='word_1_454' title='bbox 1423 4352 1574 4457; x_wconf 89' lang='lat' dir='ltr'>sulphur</span> <span class='ocrx_word' id='word_1_455' title='bbox 1591 4357 1745 4430; x_wconf 90' lang='lat' dir='ltr'>commi·</span> 
     </span>
     <span class='ocr_line' id='line_1_41' title="bbox 90 4445 1767 4557; baseline 0.002 -25"><span class='ocrx_word' id='word_1_456' title='bbox 90 4457 185 4535; x_wconf 89' lang='lat' dir='ltr'>stum</span> <span class='ocrx_word' id='word_1_457' title='bbox 195 4457 316 4555; x_wconf 76' lang='lat' dir='ltr'>habet,</span> <span class='ocrx_word' id='word_1_458' title='bbox 329 4454 373 4532; x_wconf 84' lang='lat' dir='ltr'>ab</span> <span class='ocrx_word' id='word_1_459' title='bbox 386 4477 507 4553; x_wconf 88' lang='lat' dir='ltr'>eoque</span> <span class='ocrx_word' id='word_1_460' title='bbox 520 4449 908 4557; x_wconf 84' lang='lat' dir='ltr'>leviterdigellumest,</span> <span class='ocrx_word' id='word_1_461' title='bbox 923 4447 1390 4550; x_wconf 76' lang='lat' dir='ltr'>quaesubstantiasrnaturae</span> <span class='ocrx_word' id='word_1_462' title='bbox 1403 4453 1588 4557; x_wconf 81' lang='lat' dir='ltr'>Operatio</span> <span class='ocrx_word' id='word_1_463' title='bbox 1625 4445 1767 4554; x_wconf 71' lang='lat' dir='ltr'>ermit·&#39;</span> 
     </span>
     <span class='ocr_line' id='line_1_42' title="bbox 91 4482 1748 4660; baseline -0.002 -24"><span class='ocrx_word' id='word_1_464' title='bbox 91 4562 192 4658; x_wconf 83' lang='lat' dir='ltr'>titur,</span> <span class='ocrx_word' id='word_1_465' title='bbox 208 4555 357 4634; x_wconf 72' lang='lat' dir='ltr'>tandem</span> <span class='ocrx_word' id='word_1_466' title='bbox 371 4553 568 4656; x_wconf 71' lang='lat' dir='ltr'>ineliqued</span> <span class='ocrx_word' id='word_1_467' title='bbox 584 4546 977 4632; x_wconf 78' lang='lat' dir='ltr'>metullumfixumnbir</span> <span class='ocrx_word' id='word_1_468' title='bbox 988 4575 1056 4653; x_wconf 88' lang='lat' dir='ltr'>per</span> <span class='ocrx_word' id='word_1_469' title='bbox 1067 4547 1438 4660; x_wconf 85' lang='lat' dir='ltr'>longnsdigelliones,</span> <span class='ocrx_word' id='word_1_470' title='bbox 1457 4555 1516 4633; x_wconf 84' lang='lat' dir='ltr'>vel</span> <span class='ocrx_word' id='word_1_471' title='bbox 1527 4482 1748 4658; x_wconf 48' lang='lat' dir='ltr'>perficium,</span> 
     </span>
    </p>
   </div>
   <div class='ocr_carea' id='block_1_4' title="bbox 137 4643 1749 4792">
    <p class='ocr_par' dir='ltr' id='par_1_8' title="bbox 137 4643 1749 4792">
     <span class='ocr_line' id='line_1_43' title="bbox 137 4643 1749 4792; baseline 0 -56"><span class='ocrx_word' id='word_1_472' title='bbox 137 4659 286 4740; x_wconf 83' lang='lat' dir='ltr'>Tomus</span> <span class='ocrx_word' id='word_1_473' title='bbox 305 4655 350 4735; x_wconf 91' lang='grc' dir='ltr'>ΙΙ.</span> <span class='ocrx_word' id='word_1_474' title='bbox 920 4643 1079 4758; x_wconf 77' lang='lat' dir='ltr'>(Ggg)</span> <span class='ocrx_word' id='word_1_475' title='bbox 1212 4779 1217 4792; x_wconf 15' lang='grc' dir='ltr'><strong>ἡ</strong></span> <span class='ocrx_word' id='word_1_476' title='bbox 1307 4777 1313 4788; x_wconf 33' lang='grc' dir='ltr'>Ι</span> <span class='ocrx_word' id='word_1_477' title='bbox 1664 4671 1669 4676; x_wconf 82' lang='grc'><em>·</em></span> <span class='ocrx_word' id='word_1_478' title='bbox 1706 4681 1749 4742; x_wconf 87' lang='lat' dir='ltr'>ut</span> 
     </span>
    </p>
   </div>
   <div class='ocr_carea' id='block_1_5' title="bbox 0 0 1996 5218">
    <p class='ocr_par' dir='ltr' id='par_1_9' title="bbox 0 0 1996 5218">
     <span class='ocr_line' id='line_1_44' title="bbox 0 0 1996 5218; baseline 0 0"><span class='ocrx_word' id='word_1_479' title='bbox 0 0 1996 5218; x_wconf 95' lang='lat' dir='ltr'> </span> 
     </span>
    </p>
   </div>
  </div>
 </body>
</html>
