3964 5218
154 282 159 290 .
214 287 291 370 40,
483 255 487 270 ,
686 257 855 372 raptu-st,
880 190 1075 364 ptr-mm
1098 253 1179 337 ιιι.
1194 256 1236 333 ιι.
1262 255 1362 340 ran.
1378 249 1426 336 ιι.
1442 278 1453 354 1

88 507 94 534 ,
218 462 292 545 gna
307 435 370 538 esl,
396 434 560 538 respeetu
576 456 765 531 terrarum,
783 433 948 531 variatio,
959 428 1052 506 adeo
1065 451 1108 530 pt
1126 427 1271 530 spiritua
1284 426 1476 528 huicparti
1490 443 1597 501 terrae
1613 423 1802 502 familiares
1824 429 1897 502 ali-

220 563 277 616 ter
289 539 464 636 aliterque
479 531 631 612 afficiant
645 558 776 612 eorum
793 557 963 634 corpora,
979 527 1039 606 seu
1054 553 1126 632 pro
1227 549 1286 602 tur
1300 551 1340 602 ea
1358 531 1419 634 vis
1431 549 1499 627 per
1511 525 1632 626 cibos,
1660 526 1718 601 seu
1742 549 1810 626 per
1834 539 1901 602 ae-

221 654 316 739 rem,
328 660 439 740 quem
458 633 629 736 spirando
637 632 819 738 spiritibus
827 631 894 708 suis
901 629 1045 708 sociant.
1093 553 1175 706 llsbfl
1190 630 1235 704 ici
1251 650 1348 703 cette
1364 630 1614 729 experiuntur,
1626 649 1801 740 ‘magnam
1819 623 1901 702 effe

224 735 428 839 corporum
444 730 711 847 diversitatem,
723 755 794 850 pro
808 734 920 836 genio
935 729 1033 808 illius
1047 726 1124 831 soli,
1139 729 1177 804 in
1193 751 1270 828 quo
1286 727 1456 807 homines
1472 723 1553 804 unt
1569 727 1716 836 nutriti,
1741 727 1803 802 vel
1828 727 1898 803 cui

224 861 296 942 per
311 831 601 952 aslueftsiionem
617 837 715 936 quast
728 834 966 935 incorporati.

160 1033 187 1094 2
323 1001 396 1081 Sed
408 1023 478 1078 nos
499 999 597 1078 sott'e
611 1003 650 1079 in
675 1001 742 1078 hac
756 999 1047 1078 consideratione
1066 991 1171 1076 nimii
1184 994 1317 1098 sumus,
1334 996 1373 1074 dc
1392 993 1436 1074 ad
1454 993 1637 1074 mineralia
1657 994 1778 1074 nostra
1793 994 1899 1074 redi·

221 1129 318 1202 mus,
332 1125 416 1202 quar
434 1125 508 1218 ego
524 1102 688 1176 audium
700 1123 822 1174 natura
841 1099 953 1182 aussm
968 1098 1099 1178 dicere.
1147 1100 1193 1188 ln
1209 1102 1252 1175 iis
1270 1102 1367 1174 enim
1386 1095 1525 1174 radices
1540 1093 1641 1194 quad
1662 1094 1744 1173 fixit
1760 1119 1901 1177 natura

222 1228 309 1282 corn
338 1197 435 1300 aeia,
458 1199 740 1301 inquesolidum
760 1202 798 1278 ἃ
816 1203 855 1278 iu
867 1202 1038 1278 nucleum
1053 1196 1213 1298 redasla,
1236 1224 1320 1274 curn
1337 1220 1453 1292 cetera
1466 1219 1625 1298 corpora
1643 1195 1741 1295 quast
1759 1194 1897 1274 scoriae

223 1306 301 1408 ejus
313 1229 395 1402 bnt,
405 1323 467 1378 aut
512 1300 654 1378 uaedam
666 1299 968 1404 appendices,aur
983 1297 1130 1400 quidam
1144 1301 1245 1375 velut
1257 1298 1378 1376 flores.
1430 1295 1541 1374 Certe
1554 1295 1681 1372 nullibi
1694 1292 1899 1388 firmior&
1978 1349 1979 1362 .

227 1401 447 1480 constantior
463 1328 526 1502 ed,
545 1423 655 1502 quam
673 1403 711 1477 in
724 1401 888 1501 metallis,
904 1423 1041 1500 natura,
1059 1403 1097 1474 in
1120 1399 1249 1476 ceteris
1263 1397 1483 1500 corporibus
1497 1395 1747 1473 ambulatoria.
1794 1397 1897 1474 Sunt

226 1525 349 1580 tamen
363 1501 401 1578 dc
421 1502 649 1580 mineralium
664 1503 753 1578 certi
768 1501 915 1605 gradus,
933 1523 1052 1599 neque
1065 1523 1137 1575 una
1150 1499 1322 1574 omnibus
1338 1495 1389 1573 esl
1404 1493 1594 1600 perfeslio.
1635 1497 1771 1596 Aliqua
1785 1501 1895 1574 enim

225 1602 379 1680 debilius
392 1599 494 1678 mista
507 1600 600 1700 sunt,
615 1599 878 1700 aliqua'sortius
901 1602 939 1678 dt
963 1599 1093 1699 majori
1143 1600 1274 1674 artium
1295 1600 1491 1699 temperie,
1524 1619 1564 1672 ut
1584 1621 1713 1672 aurum
1732 1597 1768 1672 dt
1785 1621 1894 1700 getn-

223 1725 309 1799 mae,
329 1725 408 1806 prae
429 1701 620 1778 vilioribus
636 1701 799 1798 metallis,
818 1699 1050 1790 mineralibus
1065 1624 1304 1800 &bpidibuc
1355 1697 1400 1772 ln
1414 1699 1455 1772 iis
1470 1698 1568 1771 enirn
1580 1693 1892 1796 subtilissimarum

225 1802 484 1906 particularum
497 1798 595 1900 quast
614 1799 783 1877 cribratio
843 1797 937 1876 radia
950 1797 1108 1897 videtur,
1118 1798 1155 1874 dt
1169 1799 1206 1872 in
1217 1819 1295 1872 tam
1311 1795 1474 1872 nobilem
1490 1793 1634 1872 massam
1648 1789 1892 1878 consolidatio

220 1899 420 2003 ersliffima,
436 1925 519 2002 quae
535 1900 778 1998 excellentiaei
810 1925 919 1978 orum
932 1921 1136 2000 corporum
1150 1899 1313 2000 optimus
1329 1893 1512 1973 charaslet
1526 1894 1584 1974 est.

166 2105 187 2182 3
330 2067 390 2146 De
403 2069 446 2145 iis
460 2089 655 2168 antequam
671 2069 734 2145 alia
751 2067 934 2172 speciatim
949 2062 1122 2166 dicamus,
1136 2064 1399 2142 recensebimus
1419 2067 1584 2168 primum
1605 2065 1790 2167 Antores,
1822 2070 1890 2166 qui
1978 2087 1979 2094 ¹

174 2227 178 2234 -
228 2166 432 2248 Historiam
449 2168 661 2246 mineralem
681 2167 956 2270 descripserunt.
1007 2167 1126 2243 Tanta
1144 2164 1327 2270 estvulgo
1351 2165 1500 2270 illorum
1521 2165 1754 2269 Scriptorum
1778 2165 1887 2243 farra·

157 2284 161 2294 ’
258 2294 295 2369 o,
310 2289 351 2349 ut
370 2271 494 2345 omnia
509 2273 592 2369 quis
612 2265 751 2346 excussa
770 2266 953 2368 crederet,
975 2265 1002 2342 sr
1022 2291 1218 2342 numerum
1243 2289 1304 2342 aut
1325 2264 1473 2370 pondus
1496 2265 1675 2355 librorum
1698 2266 1886 2369 spedaret.

226 2293 297 2445 sed
313 2371 478 2472 plerique
492 2371 680 2448 interillos
695 2367 776 2444 sium
789 2367 978 2443 Locorum
996 2365 1265 2444 Communium
1276 2365 1494 2467 Scriptores,
1526 2365 1564 2442 dt
1583 2391 1697 2468 pauca
1716 2366 1887 2466 quaedam

227 2470 266 2546 dr
284 2469 466 2546 manuario
480 2472 728 2571 experimenta
743 2466 952 2570 proferunt,
966 2489 1049 2564 quae
1064 2463 1111 2540 ad
1124 2463 1528 2542 nostrammineralium
1543 2467 1654 2544 intelli
1684 2468 1818 2543 entiam
1874 2512 1887 2526 ·

227 2591 312 2646 tum
331 2565 536 2660 conferunt.
588 2566 779 2670 Qticquid
801 2590 893 2642 vero
917 2590 957 2640 ea
973 2569 1010 2640 in
1024 2589 1064 2640 re
1087 2558 1288 2658 praestitum
1311 2563 1373 2664 esl,
1388 2571 1559 2638 ‘Germano
1580 2571 1660 2668 poti
1687 2488 1884 2644 rmumdd·
1979 2559 1981 2580 ⁴

223 2669 343 2767 betur,
361 2668 437 2766 qui,
458 2663 854 2746 occasionemult'anim
870 2665 1093 2766 fodiuntum,
1107 2689 1262 2767 quarum
1275 2663 1375 2742 ferax
1392 2662 1443 2740 est
1465 2665 1674 2768 Germania,
1695 2667 1741 2744 ad
1766 2691 1882 2772 opera

224 2769 283 2844 illa
299 2769 509 2846 invitantur.

166 2965 193 3044 4
328 2933 415 3013 Post
426 2937 556 3014 omnes
568 2895 794 3030 mineralium
809 2935 1015 3040 Scriptores
1037 2936 1225 3032 Jotatuurs
1245 2936 1489 3035 Waasrrtus,
1512 2935 1574 3013 An
1603 2936 1671 3037 lus,
1686 2946 1720 3010 in
1733 2937 1884 3013 amada

211 3037 359 3155 paphia
374 3035 447 3140 sua,
468 3036 566 3114 libro
581 3038 738 3212 Anplice
752 3035 910 3138 scripto,
932 3059 1063 3139 magna
1088 3034 1274 3154 diligentia
1293 3035 1445 3154 collegit
1463 3061 1540 3114 uno
1562 3040 1588 3116 lt
1614 3062 1670 3138 ro,
1692 3061 1771 3114 non
1788 3036 1882 3114 adeo

226 3139 250 3217 s'
269 3135 346 3239 islo,
363 3135 541 3239 quicquid
555 3161 627 3238 apu
674 3133 858 3212 nuoores
876 3136 1073 3214 veteres&
1092 3157 1312 3228 recenuores
1324 3159 1489 3214 tnventre
1504 3139 1638 3238 pontit,
1648 3135 1752 3236 quod
1760 3135 1805 3214 ad
1814 3137 1880 3214 Hi·

67 3287 76 3299 ι
209 3331 225 3342 „
254 3239 376 3320 oriam
391 3237 606 3315 metallicam
622 3237 831 3338 pertineret.
878 3233 938 3313 Eo
958 3240 1079 3335 itaque
1091 3237 1194 3313 velut
1215 3234 1335 3312 indice
1353 3240 1407 3314 uti
1447 3233 1606 3314 offumus
1621 3239 1660 3314 in
1673 3238 1879 3316 Autoribus

124 3400 128 3408 ,
226 3338 284 3417 his
298 3335 526 3418 evolvendis.
574 3334 622 3433 Is,
637 3357 734 3437 capr.
751 3336 826 3435 ejus
841 3333 936 3435 libri,
953 3337 1017 3412 ubi
1031 3335 1078 3412 de
1091 3336 1400 3414 Autoribus'Met
1445 3337 1719 3442 otaphisagit
1765 3339 1879 3440 tripli·

163 3541 165 3546 ,
225 3461 307 3516 cern
328 3464 458 3516 eorum
472 3435 557 3513 facit
578 3431 728 3535 classem,
743 3435 980 3514 commodam
993 3434 1073 3514 sane
1088 3437 1126 3514 dt
1144 3438 1369 3513 concinnam.
1420 3361 1658 3539 Adprirnam
1672 3399 1876 3542 resecr-Spe-

223 3542 379 3628 tutatores
387 3568 401 3624 ,·
419 3541 515 3613 inter
532 3558 627 3634 quos
642 3533 800 3612 recenset
815 3533 1062 3635 Aristotelem,
1077 3537 1280 3635 Platonem,
1302 3535 1586 3640 Hippocratem,
1609 3535 1877 3639 Dioscoridem,

207 3637 322 3740 :apud
343 3661 439 3737 quos
459 3633 611 3740 paucula
623 3634 794 3736 quaedam
815 3634 1052 3712 inveniuntur
1077 3635 1124 3713 de
1140 3637 1290 3716 metallis
1317 3633 1356 3714 dt
1380 3636 1630 3732 mineralibus3
1654 3636 1813 3736 Plinium
1829 3637 1875 3716 se-

96 3741 105 3756 ’
208 3733 711 3838 'eundum,AndrearnCaesal
741 3737 855 3834 inum,
870 3736 1125 3814 Bernhardum
1136 3735 1306 3837 Caesium,
1320 3734 1874 3836 Jesuinm,quicolleomeava-

135 3855 137 3862 ’
222 3831 283 3935 sta,
302 3837 391 3920 &m
440 3861 484 3916 na
501 3836 689 3922 volumina
701 3761 1074 3938 sdripserunqnullius
1089 3835 1184 3935 usus,
1200 3835 1245 3912 ad
1262 3833 1554 3940 cognoscendam
1567 3837 1796 3916 mineralium
1817 3865 1875 3917 na·

222 3957 395 4037 turam,v
444 3933 646 4014 admodum
661 3938 775 4038 pauci.
824 3935 955 4012 Refert
970 3937 1008 4015 dt
1028 3939 1217 4014 interillos
1232 3934 1467 4012 Athanasium
1484 3935 1663 4030 Kircheru
1730 3937 1869 4040 dequo

218 4035 437 4136 (mensalem
453 4037 555 4113 illum
569 4059 707 4113 vocans
721 4034 1009 4138 commessatorem
1028 4035 1073 4112 δι’
1085 4037 1313 4140 rhapsodrstam,
1334 4037 1372 4110 in
1395 4037 1497 4113 cu'us
1517 4039 1642 4111 thdo
1655 4037 1689 4139 s
1717 4059 1873 4128 nmmo,

218 4136 416 4213 mendaciis
430 4159 557 4214 contra
575 4135 782 4238 bemicos
798 4138 929 4238 pleno,
955 4137 1063 4236 nihil,
1089 4157 1223 4238 praeter
1243 4137 1402 4235 titulum,
1427 4062 1481 4237 dt,
1503 4135 1607 4235 quod
1620 4137 1793 4239 promissa
1807 4141 1871 4218 im·

217 4235 330 4338 pleat)
344 4260 476 4314 verum
496 4235 663 4338 perbibet
681 4236 875 4334 judicium3
898 4261 977 4312 non
994 4239 1092 4314 enim
1107 4235 1236 4340 implet
1251 4233 1545 4338 expeditionem
1559 4238 1669 4337 illam,
1689 4263 1803 4338 quam
1818 4239 1868 4318 fe-

214 4359 313 4416 cerat
327 4335 509 4437 promissis
525 4337 603 4413 suis.
653 4337 797 4439 Magno
817 4333 967 4432 quidem
983 4336 1084 4414 hiatu
1104 4334 1426 4438 magnifica-multa
1443 4337 1637 4418 inMundo
1658 4339 1865 4440 saltumn

212 4436 389 4540 promisit,
402 4435 461 4513 sed
479 4435 680 4536 quadratio
695 4459 780 4510 eum
796 4434 886 4510 illud
907 4435 1177 4520 Horatianumt,
1195 4439 1354 4539 maphora
1366 4445 1454 4538 cepit
1472 4438 1596 4535 delitui,
1624 4460 1774 4530 corrone
1793 4463 1865 4514 rota

213 4543 271 4612 vix
285 4563 396 4632 uretur
407 4547 483 4612 tst't.
507 4537 734 4643 Quanquam
748 4536 847 4612 enim
860 4531 979 4618 vastus
996 4533 1150 4639 libetfit,
1160 4557 1287 4616 rerum
1294 4539 1532 4646 tameninops
1544 4535 1607 4638 est,
1623 4537 1661 4620 dt
1677 4537 1861 4644 necessaria

410 4673 416 4681 ·
1769 4663 1859 4724 non·
