<?xml version="1.0" encoding="UTF-8"?>
<!DOCTYPE html PUBLIC "-//W3C//DTD XHTML 1.0 Transitional//EN"
    "http://www.w3.org/TR/xhtml1/DTD/xhtml1-transitional.dtd">
<html xmlns="http://www.w3.org/1999/xhtml" xml:lang="en" lang="en">
 <head>
  <title>
</title>
<meta http-equiv="Content-Type" content="text/html;charset=utf-8" />
  <meta name='ocr-system' content='tesseract 3.04.00' />
  <meta name='ocr-capabilities' content='ocr_page ocr_carea ocr_par ocr_line ocrx_word'/>
</head>
<body>
  <div class='ocr_page' id='page_1' title='image "./polyhistorliter01mollgoog/polyhistorliter01mollgoog_0506.png"; bbox 0 0 3964 5218; ppageno 0'>
   <div class='ocr_carea' id='block_1_1' title="bbox 448 238 1741 374">
    <p class='ocr_par' dir='ltr' id='par_1_1' title="bbox 448 238 1741 374">
     <span class='ocr_line' id='line_1_1' title="bbox 448 238 1741 374; baseline 0.022 -45"><span class='ocrx_word' id='word_1_1' title='bbox 448 256 534 360; x_wconf 82' lang='lat' dir='ltr'>Cap.</span> <span class='ocrx_word' id='word_1_2' title='bbox 565 253 706 337; x_wconf 82' lang='lat' dir='ltr'><em>XXVI.</em></span> <span class='ocrx_word' id='word_1_3' title='bbox 750 253 814 336; x_wconf 87' lang='lat' dir='ltr'>-De</span> <span class='ocrx_word' id='word_1_4' title='bbox 841 257 982 366; x_wconf 76' lang='lat' dir='ltr'>Ignibus</span> <span class='ocrx_word' id='word_1_5' title='bbox 1001 238 1266 354; x_wconf 67' lang='lat' dir='ltr'>marinariis,</span> <span class='ocrx_word' id='word_1_6' title='bbox 1293 252 1368 374; x_wconf 51' lang='lat' dir='ltr'>isc.</span> <span class='ocrx_word' id='word_1_7' title='bbox 1539 347 1544 352; x_wconf 83' lang='lat'>.</span> <span class='ocrx_word' id='word_1_8' title='bbox 1667 281 1741 368; x_wconf 85' lang='lat'>389</span> 
     </span>
    </p>
   </div>
   <div class='ocr_carea' id='block_1_2' title="bbox 7 421 1937 4751">
    <p class='ocr_par' dir='ltr' id='par_1_2' title="bbox 7 421 1885 3754">
     <span class='ocr_line' id='line_1_2' title="bbox 151 421 1794 534; baseline 0.004 -26"><span class='ocrx_word' id='word_1_9' title='bbox 151 499 154 508; x_wconf 89' lang='lat'>.</span> <span class='ocrx_word' id='word_1_10' title='bbox 182 427 243 511; x_wconf 77' lang='lat' dir='ltr'>Ex</span> <span class='ocrx_word' id='word_1_11' title='bbox 256 428 433 512; x_wconf 87' lang='lat' dir='ltr'>incendiis</span> <span class='ocrx_word' id='word_1_12' title='bbox 442 428 455 520; x_wconf 14' lang='grc' dir='ltr'>Α·</span> <span class='ocrx_word' id='word_1_13' title='bbox 487 429 590 534; x_wconf 85' lang='lat' dir='ltr'>nium</span> <span class='ocrx_word' id='word_1_14' title='bbox 607 427 925 510; x_wconf 84' lang='lat' dir='ltr'>subterraneorum</span> <span class='ocrx_word' id='word_1_15' title='bbox 945 421 1042 504; x_wconf 66' lang='lat' dir='ltr'>imi</span> <span class='ocrx_word' id='word_1_16' title='bbox 1057 450 1163 504; x_wconf 80' lang='lat' dir='ltr'>morus</span> <span class='ocrx_word' id='word_1_17' title='bbox 1184 430 1277 508; x_wconf 87' lang='lat' dir='ltr'>oriri</span> <span class='ocrx_word' id='word_1_18' title='bbox 1297 427 1407 529; x_wconf 89' lang='lat' dir='ltr'>solet,</span> <span class='ocrx_word' id='word_1_19' title='bbox 1459 456 1639 533; x_wconf 86' lang='lat' dir='ltr'>nanquam</span> <span class='ocrx_word' id='word_1_20' title='bbox 1657 459 1735 514; x_wconf 89' lang='lat' dir='ltr'>non</span> <span class='ocrx_word' id='word_1_21' title='bbox 1777 487 1794 534; x_wconf 83' lang='lat'>2</span> 
     </span>
     <span class='ocr_line' id='line_1_3' title="bbox 67 527 1735 635; baseline 0.001 -23"><span class='ocrx_word' id='word_1_22' title='bbox 67 557 129 612; x_wconf 81' lang='lat' dir='ltr'>ex</span> <span class='ocrx_word' id='word_1_23' title='bbox 145 532 253 634; x_wconf 91' lang='lat' dir='ltr'>solis,</span> <span class='ocrx_word' id='word_1_24' title='bbox 277 557 362 614; x_wconf 84' lang='lat' dir='ltr'>nam</span> <span class='ocrx_word' id='word_1_25' title='bbox 379 555 459 620; x_wconf 72' lang='lat' dir='ltr'>exa</span> <span class='ocrx_word' id='word_1_26' title='bbox 472 528 514 608; x_wconf 87' lang='lat' dir='ltr'>iis</span> <span class='ocrx_word' id='word_1_27' title='bbox 528 533 635 608; x_wconf 88' lang='lat' dir='ltr'>etiam</span> <span class='ocrx_word' id='word_1_28' title='bbox 649 527 758 610; x_wconf 89' lang='lat' dir='ltr'>causis</span> <span class='ocrx_word' id='word_1_29' title='bbox 781 553 888 610; x_wconf 80' lang='lat' dir='ltr'>terrae</span> <span class='ocrx_word' id='word_1_30' title='bbox 910 552 1034 608; x_wconf 87' lang='lat' dir='ltr'>motus</span> <span class='ocrx_word' id='word_1_31' title='bbox 1048 531 1139 608; x_wconf 89' lang='lat' dir='ltr'>oriri</span> <span class='ocrx_word' id='word_1_32' title='bbox 1158 529 1314 635; x_wconf 89' lang='lat' dir='ltr'>possunt.</span> <span class='ocrx_word' id='word_1_33' title='bbox 1387 531 1447 610; x_wconf 89' lang='lat' dir='ltr'>Ha</span> <span class='ocrx_word' id='word_1_34' title='bbox 1468 544 1537 615; x_wconf 80' lang='lat' dir='ltr'>&#39;eut</span> <span class='ocrx_word' id='word_1_35' title='bbox 1561 559 1680 614; x_wconf 88' lang='lat' dir='ltr'>tamen</span> <span class='ocrx_word' id='word_1_36' title='bbox 1697 537 1735 614; x_wconf 79' lang='lat' dir='ltr'>dc</span> 
     </span>
     <span class='ocr_line' id='line_1_4' title="bbox 62 629 1738 810; baseline 0.001 -99"><span class='ocrx_word' id='word_1_37' title='bbox 62 637 149 712; x_wconf 70' lang='lat' dir='ltr'>illae</span> <span class='ocrx_word' id='word_1_38' title='bbox 164 660 237 738; x_wconf 91' lang='lat' dir='ltr'>pro</span> <span class='ocrx_word' id='word_1_39' title='bbox 251 632 349 712; x_wconf 81' lang='lat' dir='ltr'>causa</span> <span class='ocrx_word' id='word_1_40' title='bbox 362 653 524 732; x_wconf 83' lang='lat' dir='ltr'>remota,</span> <span class='ocrx_word' id='word_1_41' title='bbox 549 629 671 712; x_wconf 89' lang='lat' dir='ltr'>sinon</span> <span class='ocrx_word' id='word_1_42' title='bbox 690 633 873 810; x_wconf 47' lang='lat' dir='ltr'>proximqp</span> <span class='ocrx_word' id='word_1_43' title='bbox 897 635 1023 738; x_wconf 83' lang='lat' dir='ltr'><strong>ignem</strong></span> <span class='ocrx_word' id='word_1_44' title='bbox 1040 629 1322 710; x_wconf 87' lang='lat' dir='ltr'>subterraneum.</span> <span class='ocrx_word' id='word_1_45' title='bbox 1372 633 1536 737; x_wconf 80' lang='lat' dir='ltr'>Qando</span> <span class='ocrx_word' id='word_1_46' title='bbox 1557 639 1655 712; x_wconf 90' lang='lat' dir='ltr'>enim</span> <span class='ocrx_word' id='word_1_47' title='bbox 1678 636 1738 714; x_wconf 88' lang='lat' dir='ltr'>ha·</span> 
     </span>
     <span class='ocr_line' id='line_1_5' title="bbox 63 731 1738 836; baseline 0.001 -24"><span class='ocrx_word' id='word_1_48' title='bbox 63 739 163 814; x_wconf 87' lang='lat' dir='ltr'>litus</span> <span class='ocrx_word' id='word_1_49' title='bbox 181 735 481 834; x_wconf 85' lang='lat' dir='ltr'>comprimuntur</span> <span class='ocrx_word' id='word_1_50' title='bbox 496 733 573 812; x_wconf 85' lang='lat' dir='ltr'>uno</span> <span class='ocrx_word' id='word_1_51' title='bbox 587 734 626 810; x_wconf 90' lang='lat' dir='ltr'>iri</span> <span class='ocrx_word' id='word_1_52' title='bbox 639 734 737 833; x_wconf 92' lang='lat' dir='ltr'>loco,</span> <span class='ocrx_word' id='word_1_53' title='bbox 751 758 847 832; x_wconf 85' lang='lat' dir='ltr'>quau</span> <span class='ocrx_word' id='word_1_54' title='bbox 874 758 900 810; x_wconf 96' lang='lat' dir='ltr'>o</span> <span class='ocrx_word' id='word_1_55' title='bbox 918 733 1020 811; x_wconf 86' lang='lat' dir='ltr'>venti</span> <span class='ocrx_word' id='word_1_56' title='bbox 1034 734 1071 813; x_wconf 90' lang='lat' dir='ltr'>in</span> <span class='ocrx_word' id='word_1_57' title='bbox 1085 732 1336 810; x_wconf 89' lang='lat' dir='ltr'>subterraneos</span> <span class='ocrx_word' id='word_1_58' title='bbox 1349 731 1474 836; x_wconf 85' lang='lat' dir='ltr'>specus</span> <span class='ocrx_word' id='word_1_59' title='bbox 1489 735 1738 836; x_wconf 84' lang='lat' dir='ltr'>intruduntur,</span> 
     </span>
     <span class='ocr_line' id='line_1_6' title="bbox 60 831 1739 938; baseline 0.001 -26"><span class='ocrx_word' id='word_1_60' title='bbox 60 835 180 913; x_wconf 75' lang='lat' dir='ltr'>arride</span> <span class='ocrx_word' id='word_1_61' title='bbox 193 835 333 912; x_wconf 86' lang='lat' dir='ltr'>exitum</span> <span class='ocrx_word' id='word_1_62' title='bbox 347 834 514 915; x_wconf 89' lang='lat' dir='ltr'>invenire</span> <span class='ocrx_word' id='word_1_63' title='bbox 528 831 774 936; x_wconf 87' lang='lat' dir='ltr'>nonpossunt,</span> <span class='ocrx_word' id='word_1_64' title='bbox 786 833 1044 934; x_wconf 81' lang='lat' dir='ltr'>quandoaquae</span> <span class='ocrx_word' id='word_1_65' title='bbox 1064 859 1301 911; x_wconf 84' lang='lat' dir='ltr'>cavernarum</span> <span class='ocrx_word' id='word_1_66' title='bbox 1316 836 1546 938; x_wconf 78' lang='lat' dir='ltr'>capacitatem</span> <span class='ocrx_word' id='word_1_67' title='bbox 1557 860 1739 938; x_wconf 87' lang='lat' dir='ltr'>occupant</span> 
     </span>
     <span class='ocr_line' id='line_1_7' title="bbox 66 931 1791 1040; baseline 0.001 -26"><span class='ocrx_word' id='word_1_68' title='bbox 66 960 210 1032; x_wconf 90' lang='lat' dir='ltr'>totam,</span> <span class='ocrx_word' id='word_1_69' title='bbox 244 931 550 1030; x_wconf 29' lang='lat' dir='ltr'>,osteurarefadiae</span> <span class='ocrx_word' id='word_1_70' title='bbox 565 936 704 1012; x_wconf 88' lang='lat' dir='ltr'>exitum</span> <span class='ocrx_word' id='word_1_71' title='bbox 726 957 950 1032; x_wconf 81' lang='lat' dir='ltr'>quaerentes;</span> <span class='ocrx_word' id='word_1_72' title='bbox 975 931 1013 1010; x_wconf 90' lang='lat' dir='ltr'>id</span> <span class='ocrx_word' id='word_1_73' title='bbox 1029 933 1109 1010; x_wconf 90' lang='lat' dir='ltr'>fieri</span> <span class='ocrx_word' id='word_1_74' title='bbox 1132 957 1252 1012; x_wconf 87' lang='lat' dir='ltr'>tamen</span> <span class='ocrx_word' id='word_1_75' title='bbox 1277 959 1354 1012; x_wconf 93' lang='lat' dir='ltr'>non</span> <span class='ocrx_word' id='word_1_76' title='bbox 1370 933 1490 1038; x_wconf 86' lang='lat' dir='ltr'>potest</span> <span class='ocrx_word' id='word_1_77' title='bbox 1506 935 1643 1034; x_wconf 85' lang='lat' dir='ltr'>absque</span> <span class='ocrx_word' id='word_1_78' title='bbox 1664 957 1739 1040; x_wconf 88' lang='lat' dir='ltr'>ope</span> <span class='ocrx_word' id='word_1_79' title='bbox 1788 955 1791 962; x_wconf 90' lang='grc'><strong>’</strong></span> 
     </span>
     <span class='ocr_line' id='line_1_8' title="bbox 65 960 1773 1141; baseline 0 -27"><span class='ocrx_word' id='word_1_80' title='bbox 65 1037 176 1141; x_wconf 74' lang='lat' dir='ltr'>iguis</span> <span class='ocrx_word' id='word_1_81' title='bbox 190 960 431 1138; x_wconf 71' lang='lat' dir='ltr'>subterranei,</span> <span class='ocrx_word' id='word_1_82' title='bbox 453 1034 591 1134; x_wconf 83' lang='lat' dir='ltr'>absque</span> <span class='ocrx_word' id='word_1_83' title='bbox 614 1059 691 1134; x_wconf 90' lang='lat' dir='ltr'>quo</span> <span class='ocrx_word' id='word_1_84' title='bbox 714 1031 741 1112; x_wconf 89' lang='lat' dir='ltr'>si</span> <span class='ocrx_word' id='word_1_85' title='bbox 762 1031 866 1133; x_wconf 88' lang='lat' dir='ltr'>esset,</span> <span class='ocrx_word' id='word_1_86' title='bbox 891 1035 1016 1110; x_wconf 89' lang='lat' dir='ltr'>omnia</span> <span class='ocrx_word' id='word_1_87' title='bbox 1064 1033 1267 1112; x_wconf 87' lang='lat' dir='ltr'>uiescerent.</span> <span class='ocrx_word' id='word_1_88' title='bbox 1334 1034 1496 1138; x_wconf 91' lang='lat' dir='ltr'>Principi</span> <span class='ocrx_word' id='word_1_89' title='bbox 1509 1037 1637 1140; x_wconf 72' lang='lat' dir='ltr'>itaque</span> <span class='ocrx_word' id='word_1_90' title='bbox 1653 1037 1739 1113; x_wconf 90' lang='lat' dir='ltr'>huic</span> <span class='ocrx_word' id='word_1_91' title='bbox 1759 1032 1773 1116; x_wconf 60' lang='lat' dir='ltr'><em>ss</em></span> 
     </span>
     <span class='ocr_line' id='line_1_9' title="bbox 68 1059 1737 1238; baseline -0.002 -24"><span class='ocrx_word' id='word_1_92' title='bbox 68 1135 190 1214; x_wconf 83' lang='lat' dir='ltr'>causae</span> <span class='ocrx_word' id='word_1_93' title='bbox 206 1133 444 1236; x_wconf 86' lang='lat' dir='ltr'>imputandus</span> <span class='ocrx_word' id='word_1_94' title='bbox 460 1133 511 1212; x_wconf 90' lang='lat' dir='ltr'>est</span> <span class='ocrx_word' id='word_1_95' title='bbox 526 1156 792 1234; x_wconf 82' lang='lat' dir='ltr'>terraemotus,</span> <span class='ocrx_word' id='word_1_96' title='bbox 817 1137 944 1213; x_wconf 89' lang='lat' dir='ltr'>ceteris</span> <span class='ocrx_word' id='word_1_97' title='bbox 963 1059 1060 1234; x_wconf 70' lang='lat' dir='ltr'>quad</span> <span class='ocrx_word' id='word_1_98' title='bbox 1073 1134 1298 1214; x_wconf 83' lang='lat' dir='ltr'>secundariis.</span> <span class='ocrx_word' id='word_1_99' title='bbox 1358 1133 1506 1238; x_wconf 74' lang='lat' dir='ltr'>Scripsit</span> <span class='ocrx_word' id='word_1_100' title='bbox 1523 1137 1651 1235; x_wconf 83' lang='lat' dir='ltr'>aliquis</span> <span class='ocrx_word' id='word_1_101' title='bbox 1671 1137 1737 1213; x_wconf 93' lang='lat' dir='ltr'>lio-</span> 
     </span>
     <span class='ocr_line' id='line_1_10' title="bbox 67 1233 1885 1340; baseline 0.004 -28"><span class='ocrx_word' id='word_1_102' title='bbox 67 1263 145 1312; x_wconf 90' lang='lat' dir='ltr'>irio</span> <span class='ocrx_word' id='word_1_103' title='bbox 158 1236 340 1336; x_wconf 80' lang='lat' dir='ltr'>militaris,</span> <span class='ocrx_word' id='word_1_104' title='bbox 365 1235 472 1312; x_wconf 80' lang='lat' dir='ltr'>Alex.</span> <span class='ocrx_word' id='word_1_105' title='bbox 485 1235 647 1317; x_wconf 84' lang='lat' dir='ltr'>Achilles</span> <span class='ocrx_word' id='word_1_106' title='bbox 664 1233 731 1312; x_wconf 91' lang='lat' dir='ltr'>Tr.</span> <span class='ocrx_word' id='word_1_107' title='bbox 747 1236 1003 1340; x_wconf 80' lang='lat' dir='ltr'>germanicum</span> <span class='ocrx_word' id='word_1_108' title='bbox 1025 1253 1093 1318; x_wconf 78' lang='lat' dir='ltr'>nott</span> <span class='ocrx_word' id='word_1_109' title='bbox 1116 1242 1178 1317; x_wconf 74' lang='lat' dir='ltr'>stri</span> <span class='ocrx_word' id='word_1_110' title='bbox 1195 1236 1518 1333; x_wconf 59' lang='lat' dir='ltr'>&amp;turbidissimus</span> <span class='ocrx_word' id='word_1_111' title='bbox 1538 1245 1596 1319; x_wconf 76' lang='lat' dir='ltr'>litt</span> <span class='ocrx_word' id='word_1_112' title='bbox 1610 1235 1738 1324; x_wconf 65' lang='lat' dir='ltr'>stuba</span> <span class='ocrx_word' id='word_1_113' title='bbox 1822 1310 1824 1314; x_wconf 95' lang='lat'>.</span> <span class='ocrx_word' id='word_1_114' title='bbox 1882 1323 1885 1330; x_wconf 64' lang='grc'><strong>,</strong></span> 
     </span>
     <span class='ocr_line' id='line_1_11' title="bbox 71 1333 1831 1439; baseline -0.006 -18"><span class='ocrx_word' id='word_1_115' title='bbox 71 1339 241 1436; x_wconf 62' lang='lat' dir='ltr'>bunarii,</span> <span class='ocrx_word' id='word_1_116' title='bbox 265 1337 304 1412; x_wconf 86' lang='lat' dir='ltr'>iii</span> <span class='ocrx_word' id='word_1_117' title='bbox 328 1360 405 1434; x_wconf 90' lang='lat' dir='ltr'>quo</span> <span class='ocrx_word' id='word_1_118' title='bbox 420 1334 559 1413; x_wconf 88' lang='lat' dir='ltr'>causam</span> <span class='ocrx_word' id='word_1_119' title='bbox 575 1337 723 1439; x_wconf 83' lang='lat' dir='ltr'>illorum</span> <span class='ocrx_word' id='word_1_120' title='bbox 737 1359 827 1410; x_wconf 86' lang='lat' dir='ltr'>vere</span> <span class='ocrx_word' id='word_1_121' title='bbox 840 1335 885 1412; x_wconf 89' lang='lat' dir='ltr'>ad</span> <span class='ocrx_word' id='word_1_122' title='bbox 900 1333 1092 1438; x_wconf 86' lang='lat' dir='ltr'>spirituum</span> <span class='ocrx_word' id='word_1_123' title='bbox 1105 1337 1331 1414; x_wconf 88' lang='lat' dir='ltr'>mineralium</span> <span class='ocrx_word' id='word_1_124' title='bbox 1346 1343 1516 1414; x_wconf 88' lang='lat' dir='ltr'>mutuum</span> <span class='ocrx_word' id='word_1_125' title='bbox 1530 1335 1671 1414; x_wconf 88' lang='lat' dir='ltr'>interse</span> <span class='ocrx_word' id='word_1_126' title='bbox 1686 1362 1740 1413; x_wconf 89' lang='lat' dir='ltr'>re·</span> <span class='ocrx_word' id='word_1_127' title='bbox 1824 1407 1831 1410; x_wconf 80' lang='grc'><strong><em>,</em></strong></span> 
     </span>
     <span class='ocr_line' id='line_1_12' title="bbox 69 1434 1740 1542; baseline 0 -28"><span class='ocrx_word' id='word_1_128' title='bbox 69 1439 152 1516; x_wconf 88' lang='lat' dir='ltr'>sert</span> <span class='ocrx_word' id='word_1_129' title='bbox 171 1434 396 1514; x_wconf 76' lang='lat' dir='ltr'>conflidium.</span> <span class='ocrx_word' id='word_1_130' title='bbox 445 1435 550 1512; x_wconf 89' lang='lat' dir='ltr'>Nam</span> <span class='ocrx_word' id='word_1_131' title='bbox 571 1437 648 1535; x_wconf 92' lang='lat' dir='ltr'>qui,</span> <span class='ocrx_word' id='word_1_132' title='bbox 665 1459 750 1512; x_wconf 91' lang='lat' dir='ltr'>cum</span> <span class='ocrx_word' id='word_1_133' title='bbox 765 1435 940 1537; x_wconf 85' lang='lat' dir='ltr'>Bodino,</span> <span class='ocrx_word' id='word_1_134' title='bbox 970 1436 1016 1513; x_wconf 89' lang='lat' dir='ltr'>ad</span> <span class='ocrx_word' id='word_1_135' title='bbox 1033 1437 1178 1513; x_wconf 90' lang='lat' dir='ltr'>Genios</span> <span class='ocrx_word' id='word_1_136' title='bbox 1204 1456 1370 1514; x_wconf 88' lang='lat' dir='ltr'>motores</span> <span class='ocrx_word' id='word_1_137' title='bbox 1393 1436 1627 1542; x_wconf 87' lang='lat' dir='ltr'>confugiunt,</span> <span class='ocrx_word' id='word_1_138' title='bbox 1652 1441 1740 1514; x_wconf 84' lang='lat' dir='ltr'>citra</span> 
     </span>
     <span class='ocr_line' id='line_1_13' title="bbox 69 1533 1739 1641; baseline -0.001 -26"><span class='ocrx_word' id='word_1_139' title='bbox 69 1535 323 1616; x_wconf 83' lang='lat' dir='ltr'>necessitatem</span> <span class='ocrx_word' id='word_1_140' title='bbox 338 1533 571 1641; x_wconf 85' lang='lat' dir='ltr'>superstitiosi</span> <span class='ocrx_word' id='word_1_141' title='bbox 583 1535 674 1616; x_wconf 88' lang='lat' dir='ltr'>sunt.</span> <span class='ocrx_word' id='word_1_142' title='bbox 723 1536 815 1614; x_wconf 85' lang='lat' dir='ltr'>Sunt</span> <span class='ocrx_word' id='word_1_143' title='bbox 830 1536 868 1615; x_wconf 80' lang='lat' dir='ltr'>dr</span> <span class='ocrx_word' id='word_1_144' title='bbox 882 1538 1006 1614; x_wconf 81' lang='lat' dir='ltr'>multae</span> <span class='ocrx_word' id='word_1_145' title='bbox 1021 1533 1144 1638; x_wconf 79' lang='lat' dir='ltr'>aliaesii</span> <span class='ocrx_word' id='word_1_146' title='bbox 1175 1561 1213 1613; x_wconf 91' lang='lat' dir='ltr'>er</span> <span class='ocrx_word' id='word_1_147' title='bbox 1223 1536 1338 1613; x_wconf 86' lang='lat' dir='ltr'>haere</span> <span class='ocrx_word' id='word_1_148' title='bbox 1353 1534 1493 1636; x_wconf 82' lang='lat' dir='ltr'>sabulae,</span> <span class='ocrx_word' id='word_1_149' title='bbox 1516 1539 1649 1636; x_wconf 91' lang='lat' dir='ltr'>quibus</span> <span class='ocrx_word' id='word_1_150' title='bbox 1660 1559 1739 1614; x_wconf 90' lang='lat' dir='ltr'>non</span> 
     </span>
     <span class='ocr_line' id='line_1_14' title="bbox 73 1561 1738 1754; baseline -0.001 -40"><span class='ocrx_word' id='word_1_151' title='bbox 73 1637 144 1738; x_wconf 84' lang='lat' dir='ltr'>est,</span> <span class='ocrx_word' id='word_1_152' title='bbox 161 1659 203 1719; x_wconf 88' lang='lat' dir='ltr'>ut</span> <span class='ocrx_word' id='word_1_153' title='bbox 218 1639 470 1722; x_wconf 84' lang='lat' dir='ltr'>immoremur.</span> <span class='ocrx_word' id='word_1_154' title='bbox 542 1637 673 1714; x_wconf 83' lang='lat' dir='ltr'>Terrae</span> <span class='ocrx_word' id='word_1_155' title='bbox 688 1659 859 1714; x_wconf 90' lang='lat' dir='ltr'>motuum</span> <span class='ocrx_word' id='word_1_156' title='bbox 869 1661 1004 1754; x_wconf 85' lang='lat' dir='ltr'>genera</span> <span class='ocrx_word' id='word_1_157' title='bbox 1018 1561 1217 1714; x_wconf 69' lang='lat' dir='ltr'>secundbm</span> <span class='ocrx_word' id='word_1_158' title='bbox 1230 1637 1345 1714; x_wconf 88' lang='lat' dir='ltr'>causas</span> <span class='ocrx_word' id='word_1_159' title='bbox 1359 1635 1544 1716; x_wconf 83' lang='lat' dir='ltr'>disserunt.</span> <span class='ocrx_word' id='word_1_160' title='bbox 1622 1639 1738 1743; x_wconf 82' lang='lat' dir='ltr'>Qiia</span> 
     </span>
     <span class='ocr_line' id='line_1_15' title="bbox 71 1735 1749 1844; baseline -0.001 -28"><span class='ocrx_word' id='word_1_161' title='bbox 71 1740 157 1835; x_wconf 86' lang='lat' dir='ltr'>solo</span> <span class='ocrx_word' id='word_1_162' title='bbox 176 1739 264 1844; x_wconf 86' lang='lat' dir='ltr'>igne</span> <span class='ocrx_word' id='word_1_163' title='bbox 285 1739 500 1836; x_wconf 81' lang='lat' dir='ltr'>excitantur,</span> <span class='ocrx_word' id='word_1_164' title='bbox 528 1739 697 1816; x_wconf 88' lang='lat' dir='ltr'>omnium</span> <span class='ocrx_word' id='word_1_165' title='bbox 712 1737 793 1814; x_wconf 92' lang='lat' dir='ltr'>sunt</span> <span class='ocrx_word' id='word_1_166' title='bbox 807 1735 1036 1840; x_wconf 90' lang='lat' dir='ltr'>validissimi,</span> <span class='ocrx_word' id='word_1_167' title='bbox 1058 1739 1122 1836; x_wconf 90' lang='lat' dir='ltr'>qui</span> <span class='ocrx_word' id='word_1_168' title='bbox 1134 1736 1180 1813; x_wconf 88' lang='lat' dir='ltr'>ab</span> <span class='ocrx_word' id='word_1_169' title='bbox 1195 1763 1287 1836; x_wconf 90' lang='lat' dir='ltr'>aqua</span> <span class='ocrx_word' id='word_1_170' title='bbox 1309 1761 1370 1815; x_wconf 89' lang='lat' dir='ltr'>aut</span> <span class='ocrx_word' id='word_1_171' title='bbox 1388 1737 1502 1814; x_wconf 89' lang='lat' dir='ltr'>halitu</span> <span class='ocrx_word' id='word_1_172' title='bbox 1546 1739 1749 1837; x_wconf 80' lang='lat' dir='ltr'>rocedunt,</span> 
     </span>
     <span class='ocr_line' id='line_1_16' title="bbox 75 1763 1736 1942; baseline -0.001 -24"><span class='ocrx_word' id='word_1_173' title='bbox 75 1839 241 1920; x_wconf 89' lang='lat' dir='ltr'>eundem</span> <span class='ocrx_word' id='word_1_174' title='bbox 254 1837 429 1936; x_wconf 89' lang='lat' dir='ltr'>quidemi</span> <span class='ocrx_word' id='word_1_175' title='bbox 459 1861 544 1916; x_wconf 90' lang='lat' dir='ltr'>nem</span> <span class='ocrx_word' id='word_1_176' title='bbox 558 1835 865 1942; x_wconf 76' lang='lat' dir='ltr'>prasipponunt,</span> <span class='ocrx_word' id='word_1_177' title='bbox 885 1839 944 1914; x_wconf 88' lang='lat' dir='ltr'>sed</span> <span class='ocrx_word' id='word_1_178' title='bbox 959 1861 1124 1916; x_wconf 89' lang='lat' dir='ltr'>nontam</span> <span class='ocrx_word' id='word_1_179' title='bbox 1194 1859 1330 1915; x_wconf 89' lang='lat' dir='ltr'>tentem</span> <span class='ocrx_word' id='word_1_180' title='bbox 1346 1837 1385 1915; x_wconf 78' lang='lat' dir='ltr'>dt</span> <span class='ocrx_word' id='word_1_181' title='bbox 1398 1763 1610 1940; x_wconf 74' lang='lat' dir='ltr'>copiodbm,</span> <span class='ocrx_word' id='word_1_182' title='bbox 1636 1839 1736 1916; x_wconf 87' lang='lat' dir='ltr'>ideo·</span> 
     </span>
     <span class='ocr_line' id='line_1_17' title="bbox 76 1863 1874 2043; baseline 0 -26"><span class='ocrx_word' id='word_1_183' title='bbox 76 1965 154 2042; x_wconf 86' lang='lat' dir='ltr'>que</span> <span class='ocrx_word' id='word_1_184' title='bbox 168 1935 348 2036; x_wconf 83' lang='lat' dir='ltr'>remissior</span> <span class='ocrx_word' id='word_1_185' title='bbox 358 1941 396 2014; x_wconf 90' lang='lat' dir='ltr'>iri</span> <span class='ocrx_word' id='word_1_186' title='bbox 409 1863 478 2015; x_wconf 61' lang='lat' dir='ltr'>iliis</span> <span class='ocrx_word' id='word_1_187' title='bbox 492 1961 616 2016; x_wconf 89' lang='lat' dir='ltr'>motus</span> <span class='ocrx_word' id='word_1_188' title='bbox 629 1933 691 2016; x_wconf 89' lang='lat' dir='ltr'>est.</span> <span class='ocrx_word' id='word_1_189' title='bbox 743 1939 871 2038; x_wconf 84' lang='lat' dir='ltr'>Aliqui</span> <span class='ocrx_word' id='word_1_190' title='bbox 885 1960 1123 2016; x_wconf 78' lang='lat' dir='ltr'>terraemotus</span> <span class='ocrx_word' id='word_1_191' title='bbox 1164 1935 1366 2042; x_wconf 85' lang='lat' dir='ltr'>istinguunt</span> <span class='ocrx_word' id='word_1_192' title='bbox 1383 1963 1430 2014; x_wconf 88' lang='lat' dir='ltr'>ex</span> <span class='ocrx_word' id='word_1_193' title='bbox 1446 1938 1775 2043; x_wconf 85' lang='lat' dir='ltr'>varietateipsius&#39;</span> <span class='ocrx_word' id='word_1_194' title='bbox 1869 1977 1874 1984; x_wconf 95' lang='lat'><em>·</em></span> 
     </span>
     <span class='ocr_line' id='line_1_18' title="bbox 76 2037 1741 2139; baseline -0.002 -20"><span class='ocrx_word' id='word_1_195' title='bbox 76 2064 221 2139; x_wconf 90' lang='lat' dir='ltr'>motus,</span> <span class='ocrx_word' id='word_1_196' title='bbox 233 2065 318 2116; x_wconf 88' lang='lat' dir='ltr'>curii</span> <span class='ocrx_word' id='word_1_197' title='bbox 333 2038 392 2115; x_wconf 87' lang='lat' dir='ltr'>vel</span> <span class='ocrx_word' id='word_1_198' title='bbox 402 2059 498 2116; x_wconf 87' lang='lat' dir='ltr'>terra</span> <span class='ocrx_word' id='word_1_199' title='bbox 511 2041 647 2130; x_wconf 82' lang='lat' dir='ltr'>tremit,</span> <span class='ocrx_word' id='word_1_200' title='bbox 657 2039 718 2114; x_wconf 91' lang='lat' dir='ltr'>vel</span> <span class='ocrx_word' id='word_1_201' title='bbox 732 2037 865 2114; x_wconf 91' lang='lat' dir='ltr'>diversi</span> <span class='ocrx_word' id='word_1_202' title='bbox 877 2063 1056 2117; x_wconf 88' lang='lat' dir='ltr'>terrarum</span> <span class='ocrx_word' id='word_1_203' title='bbox 1071 2038 1205 2116; x_wconf 71' lang='lat' dir='ltr'>tradas</span> <span class='ocrx_word' id='word_1_204' title='bbox 1218 2040 1376 2114; x_wconf 88' lang='lat' dir='ltr'>invicem</span> <span class='ocrx_word' id='word_1_205' title='bbox 1385 2041 1548 2136; x_wconf 84' lang='lat' dir='ltr'>arietant,</span> <span class='ocrx_word' id='word_1_206' title='bbox 1561 2041 1620 2118; x_wconf 91' lang='lat' dir='ltr'>vel</span> <span class='ocrx_word' id='word_1_207' title='bbox 1630 2065 1741 2136; x_wconf 87' lang='lat' dir='ltr'>quan·</span> 
     </span>
     <span class='ocr_line' id='line_1_19' title="bbox 76 2135 1814 2242; baseline -0.003 -22"><span class='ocrx_word' id='word_1_208' title='bbox 76 2142 133 2220; x_wconf 91' lang='lat' dir='ltr'>do</span> <span class='ocrx_word' id='word_1_209' title='bbox 149 2135 705 2242; x_wconf 86' lang='lat' dir='ltr'>moveturterianavigiiinllar.</span> <span class='ocrx_word' id='word_1_210' title='bbox 753 2135 824 2214; x_wconf 87' lang='lat' dir='ltr'>Sed</span> <span class='ocrx_word' id='word_1_211' title='bbox 841 2140 976 2216; x_wconf 89' lang='lat' dir='ltr'>inutilis</span> <span class='ocrx_word' id='word_1_212' title='bbox 995 2139 1046 2216; x_wconf 88' lang='lat' dir='ltr'>est</span> <span class='ocrx_word' id='word_1_213' title='bbox 1057 2141 1113 2214; x_wconf 89' lang='lat' dir='ltr'>illa</span> <span class='ocrx_word' id='word_1_214' title='bbox 1128 2135 1271 2236; x_wconf 87' lang='lat' dir='ltr'>divisio,</span> <span class='ocrx_word' id='word_1_215' title='bbox 1287 2137 1385 2214; x_wconf 85' lang='lat' dir='ltr'>&amp;ex</span> <span class='ocrx_word' id='word_1_216' title='bbox 1399 2136 1583 2214; x_wconf 87' lang='lat' dir='ltr'>accidente</span> <span class='ocrx_word' id='word_1_217' title='bbox 1601 2138 1746 2214; x_wconf 45' lang='lat' dir='ltr'>desum*</span> <span class='ocrx_word' id='word_1_218' title='bbox 1811 2226 1814 2238; x_wconf 27' lang='lat'><em>¹</em></span> 
     </span>
     <span class='ocr_line' id='line_1_20' title="bbox 76 2231 1857 2344; baseline -0.004 -24"><span class='ocrx_word' id='word_1_219' title='bbox 76 2266 135 2341; x_wconf 83' lang='lat' dir='ltr'>ta,</span> <span class='ocrx_word' id='word_1_220' title='bbox 164 2266 248 2344; x_wconf 87' lang='lat' dir='ltr'>quae</span> <span class='ocrx_word' id='word_1_221' title='bbox 266 2239 401 2316; x_wconf 82' lang='lat' dir='ltr'>nullam</span> <span class='ocrx_word' id='word_1_222' title='bbox 417 2237 501 2315; x_wconf 88' lang='lat' dir='ltr'>facit</span> <span class='ocrx_word' id='word_1_223' title='bbox 520 2261 645 2314; x_wconf 85' lang='lat' dir='ltr'>veram</span> <span class='ocrx_word' id='word_1_224' title='bbox 668 2236 707 2314; x_wconf 76' lang='grc' dir='ltr'>ἃ</span> <span class='ocrx_word' id='word_1_225' title='bbox 725 2235 929 2340; x_wconf 88' lang='lat' dir='ltr'>specificam</span> <span class='ocrx_word' id='word_1_226' title='bbox 945 2231 1198 2336; x_wconf 84' lang='lat' dir='ltr'>differentiam,</span> <span class='ocrx_word' id='word_1_227' title='bbox 1224 2237 1262 2312; x_wconf 73' lang='grc' dir='ltr'>ἃ</span> <span class='ocrx_word' id='word_1_228' title='bbox 1279 2236 1367 2314; x_wconf 90' lang='lat' dir='ltr'>solet</span> <span class='ocrx_word' id='word_1_229' title='bbox 1387 2238 1510 2313; x_wconf 77' lang='lat' dir='ltr'>mistus</span> <span class='ocrx_word' id='word_1_230' title='bbox 1526 2237 1741 2314; x_wconf 89' lang='lat' dir='ltr'>determina·</span> <span class='ocrx_word' id='word_1_231' title='bbox 1853 2279 1857 2286; x_wconf 92' lang='lat'><em>·</em></span> 
     </span>
     <span class='ocr_line' id='line_1_21' title="bbox 75 2335 1741 2444; baseline -0.004 -24"><span class='ocrx_word' id='word_1_232' title='bbox 75 2345 222 2422; x_wconf 85' lang='lat' dir='ltr'>tionem</span> <span class='ocrx_word' id='word_1_233' title='bbox 237 2340 333 2416; x_wconf 83' lang='lat' dir='ltr'>suam</span> <span class='ocrx_word' id='word_1_234' title='bbox 350 2339 395 2414; x_wconf 92' lang='lat' dir='ltr'>ab</span> <span class='ocrx_word' id='word_1_235' title='bbox 414 2335 673 2442; x_wconf 89' lang='lat' dir='ltr'>ipsalocorum</span> <span class='ocrx_word' id='word_1_236' title='bbox 687 2336 901 2417; x_wconf 89' lang='lat' dir='ltr'>conditione</span> <span class='ocrx_word' id='word_1_237' title='bbox 912 2335 1074 2441; x_wconf 78' lang='lat' dir='ltr'>adipisci</span> <span class='ocrx_word' id='word_1_238' title='bbox 1116 2337 1215 2414; x_wconf 87' lang='lat' dir='ltr'>Solet</span> <span class='ocrx_word' id='word_1_239' title='bbox 1232 2359 1338 2414; x_wconf 75' lang='lat' dir='ltr'>terrra</span> <span class='ocrx_word' id='word_1_240' title='bbox 1354 2360 1498 2414; x_wconf 92' lang='lat' dir='ltr'>motum</span> <span class='ocrx_word' id='word_1_241' title='bbox 1514 2337 1641 2444; x_wconf 86' lang='lat' dir='ltr'>fragor</span> <span class='ocrx_word' id='word_1_242' title='bbox 1663 2343 1741 2437; x_wconf 89' lang='lat' dir='ltr'>qui·</span> 
     </span>
     <span class='ocr_line' id='line_1_22' title="bbox 78 2436 1832 2540; baseline -0.003 -19"><span class='ocrx_word' id='word_1_243' title='bbox 78 2441 222 2522; x_wconf 82' lang='lat' dir='ltr'>dam&amp;</span> <span class='ocrx_word' id='word_1_244' title='bbox 240 2467 303 2518; x_wconf 90' lang='lat' dir='ltr'>mu</span> <span class='ocrx_word' id='word_1_245' title='bbox 333 2443 405 2518; x_wconf 90' lang='lat' dir='ltr'>itus</span> <span class='ocrx_word' id='word_1_246' title='bbox 426 2441 605 2537; x_wconf 85' lang='lat' dir='ltr'>comitari,</span> <span class='ocrx_word' id='word_1_247' title='bbox 656 2438 817 2516; x_wconf 90' lang='lat' dir='ltr'>uisotius</span> <span class='ocrx_word' id='word_1_248' title='bbox 833 2438 967 2516; x_wconf 90' lang='lat' dir='ltr'>eodem</span> <span class='ocrx_word' id='word_1_249' title='bbox 989 2437 1326 2540; x_wconf 88' lang='lat' dir='ltr'>modosormatur,</span> <span class='ocrx_word' id='word_1_250' title='bbox 1351 2436 1665 2538; x_wconf 87' lang='lat' dir='ltr'>quemadmodum</span> <span class='ocrx_word' id='word_1_251' title='bbox 1686 2463 1742 2516; x_wconf 90' lang='lat' dir='ltr'>to·</span> <span class='ocrx_word' id='word_1_252' title='bbox 1829 2519 1832 2525; x_wconf 73' lang='grc'><strong>,</strong></span> 
     </span>
     <span class='ocr_line' id='line_1_23' title="bbox 77 2465 1772 2641; baseline -0.002 -20"><span class='ocrx_word' id='word_1_253' title='bbox 77 2549 182 2621; x_wconf 90' lang='lat' dir='ltr'>nitru</span> <span class='ocrx_word' id='word_1_254' title='bbox 199 2546 237 2619; x_wconf 92' lang='lat' dir='ltr'>in</span> <span class='ocrx_word' id='word_1_255' title='bbox 253 2465 433 2641; x_wconf 62' lang='lat' dir='ltr'>nudibus,</span> <span class='ocrx_word' id='word_1_256' title='bbox 458 2537 534 2638; x_wconf 88' lang='lat' dir='ltr'>nisi,</span> <span class='ocrx_word' id='word_1_257' title='bbox 547 2465 654 2640; x_wconf 80' lang='lat' dir='ltr'>quod</span> <span class='ocrx_word' id='word_1_258' title='bbox 664 2537 847 2618; x_wconf 91' lang='lat' dir='ltr'>conclusio</span> <span class='ocrx_word' id='word_1_259' title='bbox 862 2543 953 2618; x_wconf 85' lang='lat' dir='ltr'>a’e&#39;ris</span> <span class='ocrx_word' id='word_1_260' title='bbox 969 2542 1102 2618; x_wconf 84' lang='lat' dir='ltr'>lentius</span> <span class='ocrx_word' id='word_1_261' title='bbox 1117 2539 1233 2618; x_wconf 87' lang='lat' dir='ltr'>trahat</span> <span class='ocrx_word' id='word_1_262' title='bbox 1249 2539 1393 2639; x_wconf 91' lang='lat' dir='ltr'>sonum,</span> <span class='ocrx_word' id='word_1_263' title='bbox 1414 2539 1451 2618; x_wconf 78' lang='lat' dir='ltr'>dt</span> <span class='ocrx_word' id='word_1_264' title='bbox 1465 2541 1501 2616; x_wconf 93' lang='lat' dir='ltr'>in</span> <span class='ocrx_word' id='word_1_265' title='bbox 1518 2538 1552 2616; x_wconf 91' lang='lat' dir='ltr'>se</span> <span class='ocrx_word' id='word_1_266' title='bbox 1567 2539 1741 2640; x_wconf 69' lang='lat' dir='ltr'>reflesiat,</span> <span class='ocrx_word' id='word_1_267' title='bbox 1769 2588 1772 2594; x_wconf 86' lang='lat'><em>·</em></span> 
     </span>
     <span class='ocr_line' id='line_1_24' title="bbox 7 2639 1740 2746; baseline -0.003 -25"><span class='ocrx_word' id='word_1_268' title='bbox 7 2671 8 2674; x_wconf 65' lang='grc'>’</span> <span class='ocrx_word' id='word_1_269' title='bbox 78 2643 182 2721; x_wconf 90' lang='lat' dir='ltr'>unde</span> <span class='ocrx_word' id='word_1_270' title='bbox 197 2643 356 2746; x_wconf 81' lang='lat' dir='ltr'>mugitui</span> <span class='ocrx_word' id='word_1_271' title='bbox 371 2642 492 2720; x_wconf 83' lang='lat' dir='ltr'>similis</span> <span class='ocrx_word' id='word_1_272' title='bbox 508 2639 572 2740; x_wconf 92' lang='lat' dir='ltr'>fit,</span> <span class='ocrx_word' id='word_1_273' title='bbox 596 2646 661 2742; x_wconf 90' lang='lat' dir='ltr'>qui</span> <span class='ocrx_word' id='word_1_274' title='bbox 677 2643 715 2716; x_wconf 90' lang='lat' dir='ltr'>iri</span> <span class='ocrx_word' id='word_1_275' title='bbox 731 2643 871 2719; x_wconf 88' lang='lat' dir='ltr'>tonitru</span> <span class='ocrx_word' id='word_1_276' title='bbox 887 2667 956 2742; x_wconf 87' lang='lat' dir='ltr'>per</span> <span class='ocrx_word' id='word_1_277' title='bbox 970 2666 1094 2720; x_wconf 86' lang='lat' dir='ltr'>novos</span> <span class='ocrx_word' id='word_1_278' title='bbox 1111 2645 1270 2744; x_wconf 90' lang='lat' dir='ltr'>impetus</span> <span class='ocrx_word' id='word_1_279' title='bbox 1293 2639 1437 2744; x_wconf 90' lang='lat' dir='ltr'>semper</span> <span class='ocrx_word' id='word_1_280' title='bbox 1452 2641 1599 2719; x_wconf 90' lang='lat' dir='ltr'>videtur</span> <span class='ocrx_word' id='word_1_281' title='bbox 1611 2641 1740 2746; x_wconf 83' lang='lat' dir='ltr'>frangi.</span> 
     </span>
     <span class='ocr_line' id='line_1_25' title="bbox 78 2739 1742 2846; baseline -0.002 -25"><span class='ocrx_word' id='word_1_282' title='bbox 78 2745 304 2821; x_wconf 85' lang='lat' dir='ltr'>Terribilior</span> <span class='ocrx_word' id='word_1_283' title='bbox 318 2767 440 2820; x_wconf 86' lang='lat' dir='ltr'>autem</span> <span class='ocrx_word' id='word_1_284' title='bbox 455 2741 563 2820; x_wconf 92' lang='lat' dir='ltr'>sonus</span> <span class='ocrx_word' id='word_1_285' title='bbox 577 2743 701 2819; x_wconf 87' lang='lat' dir='ltr'>omnis</span> <span class='ocrx_word' id='word_1_286' title='bbox 715 2741 861 2818; x_wconf 79' lang='lat' dir='ltr'>videtur</span> <span class='ocrx_word' id='word_1_287' title='bbox 877 2741 1012 2818; x_wconf 91' lang='lat' dir='ltr'>inloco</span> <span class='ocrx_word' id='word_1_288' title='bbox 1026 2739 1191 2841; x_wconf 85' lang='lat' dir='ltr'>occluso,</span> <span class='ocrx_word' id='word_1_289' title='bbox 1215 2739 1314 2818; x_wconf 87' lang='lat' dir='ltr'>unde</span> <span class='ocrx_word' id='word_1_290' title='bbox 1328 2740 1408 2818; x_wconf 89' lang='lat' dir='ltr'>fieri</span> <span class='ocrx_word' id='word_1_291' title='bbox 1422 2743 1556 2842; x_wconf 85' lang='lat' dir='ltr'>credo,</span> <span class='ocrx_word' id='word_1_292' title='bbox 1580 2768 1621 2821; x_wconf 91' lang='lat' dir='ltr'>nt</span> <span class='ocrx_word' id='word_1_293' title='bbox 1641 2744 1742 2846; x_wconf 88' lang='lat' dir='ltr'>lapil-</span> 
     </span>
     <span class='ocr_line' id='line_1_26' title="bbox 77 2839 1742 2946; baseline -0.001 -25"><span class='ocrx_word' id='word_1_294' title='bbox 77 2848 157 2945; x_wconf 91' lang='lat' dir='ltr'>lus,</span> <span class='ocrx_word' id='word_1_295' title='bbox 182 2843 346 2921; x_wconf 88' lang='lat' dir='ltr'>fontibus</span> <span class='ocrx_word' id='word_1_296' title='bbox 362 2843 536 2942; x_wconf 77' lang='lat' dir='ltr'>in&#39;estus,</span> <span class='ocrx_word' id='word_1_297' title='bbox 563 2840 672 2946; x_wconf 89' lang='lat' dir='ltr'>specu</span> <span class='ocrx_word' id='word_1_298' title='bbox 688 2839 851 2940; x_wconf 89' lang='lat' dir='ltr'>quodam</span> <span class='ocrx_word' id='word_1_299' title='bbox 865 2839 1070 2940; x_wconf 82' lang='lat' dir='ltr'>conclusis,</span> <span class='ocrx_word' id='word_1_300' title='bbox 1093 2843 1574 2944; x_wconf 82' lang='lat' dir='ltr'>notos-uimultusexciiet,</span> <span class='ocrx_word' id='word_1_301' title='bbox 1600 2845 1648 2920; x_wconf 90' lang='lat' dir='ltr'>de</span> <span class='ocrx_word' id='word_1_302' title='bbox 1664 2853 1742 2943; x_wconf 89' lang='lat' dir='ltr'>quo</span> 
     </span>
     <span class='ocr_line' id='line_1_27' title="bbox 81 2870 1743 3042; baseline -0.003 -18"><span class='ocrx_word' id='word_1_303' title='bbox 81 2970 157 3024; x_wconf 87' lang='lat' dir='ltr'>tam</span> <span class='ocrx_word' id='word_1_304' title='bbox 172 2947 264 3024; x_wconf 89' lang='lat' dir='ltr'>mira</span> <span class='ocrx_word' id='word_1_305' title='bbox 280 2947 338 3019; x_wconf 91' lang='lat' dir='ltr'>vel</span> <span class='ocrx_word' id='word_1_306' title='bbox 357 2870 577 3042; x_wconf 79' lang='lat' dir='ltr'>fabulantur,</span> <span class='ocrx_word' id='word_1_307' title='bbox 595 2941 655 3017; x_wconf 87' lang='lat' dir='ltr'>vel</span> <span class='ocrx_word' id='word_1_308' title='bbox 671 2962 898 3042; x_wconf 88' lang='lat' dir='ltr'>memorant,</span> <span class='ocrx_word' id='word_1_309' title='bbox 924 2941 1101 3018; x_wconf 88' lang='lat' dir='ltr'>nonnulli.</span> <span class='ocrx_word' id='word_1_310' title='bbox 1198 2937 1362 3018; x_wconf 76' lang='lat' dir='ltr'>Elsedius</span> <span class='ocrx_word' id='word_1_311' title='bbox 1383 2965 1489 3018; x_wconf 82' lang='lat' dir='ltr'>terrae</span> <span class='ocrx_word' id='word_1_312' title='bbox 1511 2947 1631 3020; x_wconf 90' lang='lat' dir='ltr'>motui</span> <span class='ocrx_word' id='word_1_313' title='bbox 1650 2943 1743 3021; x_wconf 84' lang='lat' dir='ltr'>varii</span> 
     </span>
     <span class='ocr_line' id='line_1_28' title="bbox 81 3037 1742 3144; baseline -0.003 -19"><span class='ocrx_word' id='word_1_314' title='bbox 81 3045 196 3125; x_wconf 90' lang='lat' dir='ltr'>tribui</span> <span class='ocrx_word' id='word_1_315' title='bbox 210 3043 336 3122; x_wconf 90' lang='lat' dir='ltr'>solent.</span> <span class='ocrx_word' id='word_1_316' title='bbox 408 3039 744 3144; x_wconf 86' lang='lat' dir='ltr'>AEdificiaevertit,</span> <span class='ocrx_word' id='word_1_317' title='bbox 769 3041 866 3142; x_wconf 87' lang='lat' dir='ltr'>facit,</span> <span class='ocrx_word' id='word_1_318' title='bbox 881 3065 922 3122; x_wconf 91' lang='lat' dir='ltr'>ut</span> <span class='ocrx_word' id='word_1_319' title='bbox 934 3063 1040 3122; x_wconf 84' lang='lat' dir='ltr'>terrae</span> <span class='ocrx_word' id='word_1_320' title='bbox 1062 3037 1195 3120; x_wconf 74' lang='lat' dir='ltr'>traditis</span> <span class='ocrx_word' id='word_1_321' title='bbox 1208 3041 1402 3142; x_wconf 89' lang='lat' dir='ltr'>aliquando</span> <span class='ocrx_word' id='word_1_322' title='bbox 1422 3041 1529 3119; x_wconf 89' lang='lat' dir='ltr'>situm</span> <span class='ocrx_word' id='word_1_323' title='bbox 1543 3066 1674 3144; x_wconf 90' lang='lat' dir='ltr'>mutet,</span> <span class='ocrx_word' id='word_1_324' title='bbox 1699 3065 1742 3122; x_wconf 91' lang='lat' dir='ltr'>ut</span> 
     </span>
     <span class='ocr_line' id='line_1_29' title="bbox 80 3142 1739 3248; baseline -0.004 -22"><span class='ocrx_word' id='word_1_325' title='bbox 80 3146 176 3226; x_wconf 71' lang='lat' dir='ltr'>testa</span> <span class='ocrx_word' id='word_1_326' title='bbox 189 3149 283 3222; x_wconf 89' lang='lat' dir='ltr'>inter</span> <span class='ocrx_word' id='word_1_327' title='bbox 304 3145 505 3224; x_wconf 84' lang='lat' dir='ltr'>searietare</span> <span class='ocrx_word' id='word_1_328' title='bbox 521 3145 726 3244; x_wconf 90' lang='lat' dir='ltr'>videantur,</span> <span class='ocrx_word' id='word_1_329' title='bbox 747 3166 789 3221; x_wconf 90' lang='lat' dir='ltr'>ut</span> <span class='ocrx_word' id='word_1_330' title='bbox 806 3146 961 3248; x_wconf 80' lang='lat' dir='ltr'>integrae</span> <span class='ocrx_word' id='word_1_331' title='bbox 978 3147 1141 3222; x_wconf 89' lang='lat' dir='ltr'>civitates</span> <span class='ocrx_word' id='word_1_332' title='bbox 1149 3142 1431 3245; x_wconf 66' lang='lat' dir='ltr'>⁴absorbeantur,</span> <span class='ocrx_word' id='word_1_333' title='bbox 1456 3165 1498 3222; x_wconf 92' lang='lat' dir='ltr'>ut</span> <span class='ocrx_word' id='word_1_334' title='bbox 1519 3147 1610 3219; x_wconf 86' lang='lat' dir='ltr'>novi</span> <span class='ocrx_word' id='word_1_335' title='bbox 1628 3145 1739 3244; x_wconf 85' lang='lat' dir='ltr'>lacus,</span> 
     </span>
     <span class='ocr_line' id='line_1_30' title="bbox 81 3237 1740 3350; baseline -0.002 -25"><span class='ocrx_word' id='word_1_336' title='bbox 81 3249 141 3325; x_wconf 91' lang='lat' dir='ltr'>vel</span> <span class='ocrx_word' id='word_1_337' title='bbox 157 3271 257 3324; x_wconf 85' lang='lat' dir='ltr'>nova</span> <span class='ocrx_word' id='word_1_338' title='bbox 272 3245 434 3346; x_wconf 85' lang='lat' dir='ltr'>flumina,</span> <span class='ocrx_word' id='word_1_339' title='bbox 448 3245 643 3348; x_wconf 89' lang='lat' dir='ltr'>prodeant,</span> <span class='ocrx_word' id='word_1_340' title='bbox 655 3267 700 3321; x_wconf 93' lang='lat' dir='ltr'>ut</span> <span class='ocrx_word' id='word_1_341' title='bbox 715 3267 860 3321; x_wconf 89' lang='lat' dir='ltr'>montes</span> <span class='ocrx_word' id='word_1_342' title='bbox 877 3243 1071 3350; x_wconf 76' lang='lat' dir='ltr'>assurgant,</span> <span class='ocrx_word' id='word_1_343' title='bbox 1096 3266 1138 3319; x_wconf 89' lang='lat' dir='ltr'>ui</span> <span class='ocrx_word' id='word_1_344' title='bbox 1152 3237 1321 3345; x_wconf 82' lang='lat' dir='ltr'>pestilens</span> <span class='ocrx_word' id='word_1_345' title='bbox 1332 3244 1458 3346; x_wconf 88' lang='lat' dir='ltr'>aliquis</span> <span class='ocrx_word' id='word_1_346' title='bbox 1474 3243 1605 3322; x_wconf 87' lang='lat' dir='ltr'>halitus</span> <span class='ocrx_word' id='word_1_347' title='bbox 1619 3255 1740 3324; x_wconf 88' lang='lat' dir='ltr'>a&#39;e&#39;rein</span> 
     </span>
     <span class='ocr_line' id='line_1_31' title="bbox 81 3341 1742 3450; baseline -0.002 -26"><span class='ocrx_word' id='word_1_348' title='bbox 81 3348 225 3426; x_wconf 88' lang='lat' dir='ltr'>inficiat.</span> <span class='ocrx_word' id='word_1_349' title='bbox 273 3347 365 3426; x_wconf 85' lang='lat' dir='ltr'>Sunt</span> <span class='ocrx_word' id='word_1_350' title='bbox 383 3347 420 3424; x_wconf 80' lang='lat' dir='ltr'>dt</span> <span class='ocrx_word' id='word_1_351' title='bbox 437 3344 649 3450; x_wconf 83' lang='lat' dir='ltr'>certafigna</span> <span class='ocrx_word' id='word_1_352' title='bbox 666 3346 726 3420; x_wconf 89' lang='lat' dir='ltr'>vel</span> <span class='ocrx_word' id='word_1_353' title='bbox 742 3341 916 3448; x_wconf 86' lang='lat' dir='ltr'>praesagia</span> <span class='ocrx_word' id='word_1_354' title='bbox 931 3367 1038 3422; x_wconf 77' lang='lat' dir='ltr'>terrae</span> <span class='ocrx_word' id='word_1_355' title='bbox 1054 3353 1249 3442; x_wconf 88' lang='lat' dir='ltr'>motuum,</span> <span class='ocrx_word' id='word_1_356' title='bbox 1289 3343 1336 3420; x_wconf 91' lang='lat' dir='ltr'>de</span> <span class='ocrx_word' id='word_1_357' title='bbox 1353 3348 1491 3444; x_wconf 87' lang='lat' dir='ltr'>quibus</span> <span class='ocrx_word' id='word_1_358' title='bbox 1506 3346 1683 3447; x_wconf 85' lang='lat' dir='ltr'>prolixea</span> <span class='ocrx_word' id='word_1_359' title='bbox 1714 3348 1742 3421; x_wconf 90' lang='lat' dir='ltr'>it</span> 
     </span>
     <span class='ocr_line' id='line_1_32' title="bbox 81 3443 1741 3548; baseline -0.002 -23"><span class='ocrx_word' id='word_1_360' title='bbox 81 3450 212 3528; x_wconf 89' lang='lat' dir='ltr'>Petrus</span> <span class='ocrx_word' id='word_1_361' title='bbox 226 3447 423 3548; x_wconf 86' lang='lat' dir='ltr'>Castellus,</span> <span class='ocrx_word' id='word_1_362' title='bbox 445 3445 618 3544; x_wconf 74' lang='lat' dir='ltr'>inlibrofir</span> <span class='ocrx_word' id='word_1_363' title='bbox 640 3473 678 3518; x_wconf 85' lang='lat' dir='ltr'>ra</span> <span class='ocrx_word' id='word_1_364' title='bbox 692 3446 840 3530; x_wconf 72' lang='lat' dir='ltr'>Indara,</span> <span class='ocrx_word' id='word_1_365' title='bbox 866 3467 975 3543; x_wconf 88' lang='lat' dir='ltr'>equo</span> <span class='ocrx_word' id='word_1_366' title='bbox 994 3447 1033 3521; x_wconf 92' lang='lat' dir='ltr'>in</span> <span class='ocrx_word' id='word_1_367' title='bbox 1049 3443 1328 3546; x_wconf 89' lang='lat' dir='ltr'>Compendium</span> <span class='ocrx_word' id='word_1_368' title='bbox 1342 3445 1482 3530; x_wconf 72' lang='lat' dir='ltr'>traxisset</span> <span class='ocrx_word' id='word_1_369' title='bbox 1498 3445 1642 3521; x_wconf 91' lang='lat' dir='ltr'>videtur</span> <span class='ocrx_word' id='word_1_370' title='bbox 1702 3469 1741 3522; x_wconf 95' lang='lat' dir='ltr'>o·</span> 
     </span>
     <span class='ocr_line' id='line_1_33' title="bbox 82 3465 1742 3651; baseline -0.002 -25"><span class='ocrx_word' id='word_1_371' title='bbox 82 3575 164 3628; x_wconf 89' lang='lat' dir='ltr'>nor.</span> <span class='ocrx_word' id='word_1_372' title='bbox 181 3548 287 3626; x_wconf 88' lang='lat' dir='ltr'>Fabri</span> <span class='ocrx_word' id='word_1_373' title='bbox 305 3571 348 3624; x_wconf 82' lang='lat' dir='ltr'>tr.</span> <span class='ocrx_word' id='word_1_374' title='bbox 362 3548 451 3626; x_wconf 64' lang='lat' dir='ltr'>alib.</span> <span class='ocrx_word' id='word_1_375' title='bbox 468 3577 494 3622; x_wconf 86' lang='lat'>2.</span> <span class='ocrx_word' id='word_1_376' title='bbox 501 3465 685 3651; x_wconf 47' lang='lat' dir='ltr'>propddzz.</span> <span class='ocrx_word' id='word_1_377' title='bbox 705 3543 750 3620; x_wconf 64' lang='lat' dir='ltr'>ss</span> <span class='ocrx_word' id='word_1_378' title='bbox 752 3546 844 3647; x_wconf 80' lang='lat' dir='ltr'>seqq.</span> <span class='ocrx_word' id='word_1_379' title='bbox 871 3546 984 3644; x_wconf 87' lang='lat' dir='ltr'>qui&amp;</span> <span class='ocrx_word' id='word_1_380' title='bbox 1004 3542 1051 3624; x_wconf 90' lang='lat' dir='ltr'>de</span> <span class='ocrx_word' id='word_1_381' title='bbox 1068 3567 1174 3624; x_wconf 85' lang='lat' dir='ltr'>terrae</span> <span class='ocrx_word' id='word_1_382' title='bbox 1190 3567 1296 3626; x_wconf 89' lang='lat' dir='ltr'>motu</span> <span class='ocrx_word' id='word_1_383' title='bbox 1311 3545 1485 3626; x_wconf 80' lang='lat' dir='ltr'>artificiali</span> <span class='ocrx_word' id='word_1_384' title='bbox 1494 3568 1585 3649; x_wconf 82' lang='lat' dir='ltr'>prop.</span> <span class='ocrx_word' id='word_1_385' title='bbox 1594 3572 1643 3641; x_wconf 73' lang='lat'>5⁰·</span> <span class='ocrx_word' id='word_1_386' title='bbox 1654 3549 1742 3649; x_wconf 86' lang='lat' dir='ltr'>agit,</span> 
     </span>
     <span class='ocr_line' id='line_1_34' title="bbox 84 3645 1807 3754; baseline -0.002 -27"><span class='ocrx_word' id='word_1_387' title='bbox 84 3654 235 3754; x_wconf 83' lang='lat' dir='ltr'>ejusque</span> <span class='ocrx_word' id='word_1_388' title='bbox 250 3653 408 3730; x_wconf 90' lang='lat' dir='ltr'>rationes</span> <span class='ocrx_word' id='word_1_389' title='bbox 420 3675 506 3726; x_wconf 87' lang='lat' dir='ltr'>eum</span> <span class='ocrx_word' id='word_1_390' title='bbox 525 3645 674 3724; x_wconf 89' lang='lat' dir='ltr'>naturali</span> <span class='ocrx_word' id='word_1_391' title='bbox 690 3667 888 3747; x_wconf 90' lang='lat' dir='ltr'>comparat.</span> <span class='ocrx_word' id='word_1_392' title='bbox 1375 3717 1381 3724; x_wconf 84' lang='lat'>.</span> <span class='ocrx_word' id='word_1_393' title='bbox 1608 3721 1613 3728; x_wconf 82' lang='grc'>,</span> <span class='ocrx_word' id='word_1_394' title='bbox 1801 3725 1807 3736; x_wconf 78' lang='grc'><em>,</em></span> 
     </span>
    </p>

    <p class='ocr_par' dir='ltr' id='par_1_3' title="bbox 83 3745 1937 4751">
     <span class='ocr_line' id='line_1_35' title="bbox 186 3745 1937 3849; baseline -0.003 -22"><span class='ocrx_word' id='word_1_395' title='bbox 186 3749 245 3827; x_wconf 87' lang='lat' dir='ltr'>Ex</span> <span class='ocrx_word' id='word_1_396' title='bbox 264 3751 336 3828; x_wconf 89' lang='lat' dir='ltr'>hoc</span> <span class='ocrx_word' id='word_1_397' title='bbox 350 3774 456 3836; x_wconf 84' lang='lat' dir='ltr'>terrac</span> <span class='ocrx_word' id='word_1_398' title='bbox 467 3745 965 3826; x_wconf 80' lang='lat' dir='ltr'>motaniuoTnavaoiuus</span> <span class='ocrx_word' id='word_1_399' title='bbox 976 3768 1236 3849; x_wconf 86' lang='lat' dir='ltr'>argumentum</span> <span class='ocrx_word' id='word_1_400' title='bbox 1256 3747 1740 3848; x_wconf 89' lang='lat' dir='ltr'>nuperpetiit,quomotum</span> <span class='ocrx_word' id='word_1_401' title='bbox 1781 3763 1799 3835; x_wconf 79' lang='lat'><em>3</em></span> <span class='ocrx_word' id='word_1_402' title='bbox 1931 3841 1937 3848; x_wconf 85' lang='lat'>.</span> 
     </span>
     <span class='ocr_line' id='line_1_36' title="bbox 83 3843 1763 3950; baseline -0.001 -22"><span class='ocrx_word' id='word_1_403' title='bbox 83 3872 191 3928; x_wconf 81' lang='lat' dir='ltr'>terrae</span> <span class='ocrx_word' id='word_1_404' title='bbox 208 3852 381 3930; x_wconf 89' lang='lat' dir='ltr'>diurnum</span> <span class='ocrx_word' id='word_1_405' title='bbox 426 3847 554 3928; x_wconf 90' lang='lat' dir='ltr'>robare</span> <span class='ocrx_word' id='word_1_406' title='bbox 563 3847 690 3924; x_wconf 88' lang='lat' dir='ltr'>voluit.</span> <span class='ocrx_word' id='word_1_407' title='bbox 721 3885 726 3890; x_wconf 94' lang='lat'>·</span> <span class='ocrx_word' id='word_1_408' title='bbox 741 3846 776 3922; x_wconf 85' lang='lat' dir='ltr'>Is</span> <span class='ocrx_word' id='word_1_409' title='bbox 791 3843 833 3922; x_wconf 90' lang='lat' dir='ltr'>sc.</span> <span class='ocrx_word' id='word_1_410' title='bbox 847 3849 1003 3934; x_wconf 86' lang='lat' dir='ltr'>interrae</span> <span class='ocrx_word' id='word_1_411' title='bbox 1019 3844 1350 3950; x_wconf 72' lang='lat' dir='ltr'>motu&#39;Ragusiano,</span> <span class='ocrx_word' id='word_1_412' title='bbox 1367 3848 1531 3924; x_wconf 82' lang='lat' dir='ltr'>martimo</span> <span class='ocrx_word' id='word_1_413' title='bbox 1548 3847 1740 3927; x_wconf 84' lang='lat' dir='ltr'>illo&amp;me·</span> <span class='ocrx_word' id='word_1_414' title='bbox 1761 3859 1763 3866; x_wconf 88' lang='lat'>&#39;</span> 
     </span>
     <span class='ocr_line' id='line_1_37' title="bbox 85 3879 1741 4056; baseline -0.002 -28"><span class='ocrx_word' id='word_1_415' title='bbox 85 3951 265 4048; x_wconf 86' lang='lat' dir='ltr'>motabili,</span> <span class='ocrx_word' id='word_1_416' title='bbox 288 3879 475 4056; x_wconf 73' lang='lat' dir='ltr'>singiddria</span> <span class='ocrx_word' id='word_1_417' title='bbox 489 3947 656 4048; x_wconf 80' lang='lat' dir='ltr'>quaedam</span> <span class='ocrx_word' id='word_1_418' title='bbox 669 3943 876 4024; x_wconf 88' lang='lat' dir='ltr'>observavit</span> <span class='ocrx_word' id='word_1_419' title='bbox 888 3945 1147 4045; x_wconf 84' lang='lat' dir='ltr'>Phaenomena,</span> <span class='ocrx_word' id='word_1_420' title='bbox 1198 3972 1254 4022; x_wconf 83' lang='lat' dir='ltr'>uae</span> <span class='ocrx_word' id='word_1_421' title='bbox 1267 3947 1326 4022; x_wconf 83' lang='lat' dir='ltr'>ille</span> <span class='ocrx_word' id='word_1_422' title='bbox 1343 3949 1469 4022; x_wconf 90' lang='lat' dir='ltr'>contin</span> <span class='ocrx_word' id='word_1_423' title='bbox 1498 3969 1560 4023; x_wconf 90' lang='lat' dir='ltr'>ere</span> <span class='ocrx_word' id='word_1_424' title='bbox 1576 3966 1652 4023; x_wconf 89' lang='lat' dir='ltr'>non</span> <span class='ocrx_word' id='word_1_425' title='bbox 1673 3974 1741 4050; x_wconf 95' lang='lat' dir='ltr'>po·</span> 
     </span>
     <span class='ocr_line' id='line_1_38' title="bbox 85 3969 1739 4154; baseline -0.002 -25"><span class='ocrx_word' id='word_1_426' title='bbox 85 4051 185 4129; x_wconf 89' lang='lat' dir='ltr'>tuisse</span> <span class='ocrx_word' id='word_1_427' title='bbox 200 4074 316 4154; x_wconf 89' lang='lat' dir='ltr'>putat,</span> <span class='ocrx_word' id='word_1_428' title='bbox 339 4052 403 4128; x_wconf 92' lang='lat' dir='ltr'>nisi</span> <span class='ocrx_word' id='word_1_429' title='bbox 420 4049 588 4128; x_wconf 90' lang='lat' dir='ltr'>statuatur</span> <span class='ocrx_word' id='word_1_430' title='bbox 608 4070 714 4125; x_wconf 85' lang='lat' dir='ltr'>terrae</span> <span class='ocrx_word' id='word_1_431' title='bbox 735 4071 858 4124; x_wconf 89' lang='lat' dir='ltr'>motus</span> <span class='ocrx_word' id='word_1_432' title='bbox 873 4045 1052 4124; x_wconf 85' lang='lat' dir='ltr'>diurnus:</span> <span class='ocrx_word' id='word_1_433' title='bbox 1105 3971 1328 4142; x_wconf 21' lang='lat' dir='ltr'>Observa-vit</span> <span class='ocrx_word' id='word_1_434' title='bbox 1344 4047 1424 4146; x_wconf 88' lang='lat' dir='ltr'>ille,</span> <span class='ocrx_word' id='word_1_435' title='bbox 1456 3969 1639 4146; x_wconf 47' lang='lat' dir='ltr'>iffterram</span> <span class='ocrx_word' id='word_1_436' title='bbox 1659 4073 1739 4125; x_wconf 89' lang='lat' dir='ltr'>mo·</span> 
     </span>
     <span class='ocr_line' id='line_1_39' title="bbox 85 4145 1787 4248; baseline -0.003 -20"><span class='ocrx_word' id='word_1_437' title='bbox 85 4176 158 4230; x_wconf 89' lang='lat' dir='ltr'>tam</span> <span class='ocrx_word' id='word_1_438' title='bbox 172 4149 273 4228; x_wconf 85' lang='lat' dir='ltr'>fuisse</span> <span class='ocrx_word' id='word_1_439' title='bbox 285 4153 329 4227; x_wconf 88' lang='lat' dir='ltr'>ab</span> <span class='ocrx_word' id='word_1_440' title='bbox 345 4151 533 4230; x_wconf 89' lang='lat' dir='ltr'>occidente</span> <span class='ocrx_word' id='word_1_441' title='bbox 547 4149 592 4226; x_wconf 90' lang='lat' dir='ltr'>ad</span> <span class='ocrx_word' id='word_1_442' title='bbox 606 4145 1091 4248; x_wconf 83' lang='lat' dir='ltr'>orientem,&amp;reciproceab</span> <span class='ocrx_word' id='word_1_443' title='bbox 1105 4147 1291 4223; x_wconf 88' lang='lat' dir='ltr'>otientein</span> <span class='ocrx_word' id='word_1_444' title='bbox 1302 4146 1597 4248; x_wconf 84' lang='lat' dir='ltr'>occidentem,ita</span> <span class='ocrx_word' id='word_1_445' title='bbox 1607 4171 1740 4248; x_wconf 86' lang='lat' dir='ltr'>tamen,</span> <span class='ocrx_word' id='word_1_446' title='bbox 1785 4231 1787 4244; x_wconf 33' lang='lat'>¹</span> 
     </span>
     <span class='ocr_line' id='line_1_40' title="bbox 86 4239 1740 4346; baseline -0.005 -16"><span class='ocrx_word' id='word_1_447' title='bbox 86 4278 121 4330; x_wconf 93' lang='lat' dir='ltr'>ut</span> <span class='ocrx_word' id='word_1_448' title='bbox 137 4251 395 4333; x_wconf 84' lang='lat' dir='ltr'>succussionem</span> <span class='ocrx_word' id='word_1_449' title='bbox 410 4239 486 4328; x_wconf 83' lang='lat' dir='ltr'>boii</span> <span class='ocrx_word' id='word_1_450' title='bbox 504 4247 656 4326; x_wconf 84' lang='lat' dir='ltr'>senserit.</span> <span class='ocrx_word' id='word_1_451' title='bbox 708 4256 751 4342; x_wconf 88' lang='lat'>2)</span> <span class='ocrx_word' id='word_1_452' title='bbox 778 4247 1020 4346; x_wconf 85' lang='lat' dir='ltr'>Obseruauit,</span> <span class='ocrx_word' id='word_1_453' title='bbox 1041 4247 1176 4322; x_wconf 88' lang='lat' dir='ltr'>canales</span> <span class='ocrx_word' id='word_1_454' title='bbox 1191 4271 1341 4346; x_wconf 90' lang='lat' dir='ltr'>omnes,</span> <span class='ocrx_word' id='word_1_455' title='bbox 1365 4247 1410 4322; x_wconf 93' lang='lat' dir='ltr'>ab</span> <span class='ocrx_word' id='word_1_456' title='bbox 1431 4248 1572 4324; x_wconf 88' lang='lat' dir='ltr'>oriente</span> <span class='ocrx_word' id='word_1_457' title='bbox 1586 4248 1630 4324; x_wconf 87' lang='lat' dir='ltr'>ad</span> <span class='ocrx_word' id='word_1_458' title='bbox 1647 4251 1740 4323; x_wconf 88' lang='lat' dir='ltr'>occi·</span> 
     </span>
     <span class='ocr_line' id='line_1_41' title="bbox 87 4345 1739 4449; baseline -0.004 -19"><span class='ocrx_word' id='word_1_459' title='bbox 87 4355 233 4432; x_wconf 85' lang='lat' dir='ltr'>dentem</span> <span class='ocrx_word' id='word_1_460' title='bbox 253 4351 352 4430; x_wconf 71' lang='lat' dir='ltr'>resia</span> <span class='ocrx_word' id='word_1_461' title='bbox 366 4357 456 4430; x_wconf 87' lang='lat' dir='ltr'>linea</span> <span class='ocrx_word' id='word_1_462' title='bbox 471 4347 661 4448; x_wconf 75' lang='lat' dir='ltr'>dedudios,</span> <span class='ocrx_word' id='word_1_463' title='bbox 676 4347 871 4426; x_wconf 87' lang='lat' dir='ltr'>undassuas</span> <span class='ocrx_word' id='word_1_464' title='bbox 881 4347 1075 4424; x_wconf 85' lang='lat' dir='ltr'>secundnm</span> <span class='ocrx_word' id='word_1_465' title='bbox 1085 4345 1376 4422; x_wconf 82' lang='lat' dir='ltr'>eandemlineam</span> <span class='ocrx_word' id='word_1_466' title='bbox 1391 4345 1520 4426; x_wconf 86' lang='lat' dir='ltr'>refluas</span> <span class='ocrx_word' id='word_1_467' title='bbox 1528 4373 1567 4424; x_wconf 87' lang='lat' dir='ltr'>ac</span> <span class='ocrx_word' id='word_1_468' title='bbox 1576 4351 1739 4449; x_wconf 87' lang='lat' dir='ltr'>recipro-</span> 
     </span>
     <span class='ocr_line' id='line_1_42' title="bbox 90 4447 1739 4553; baseline -0.002 -23"><span class='ocrx_word' id='word_1_469' title='bbox 90 4451 325 4553; x_wconf 78' lang='lat' dir='ltr'>cashabuisse&#39;,</span> <span class='ocrx_word' id='word_1_470' title='bbox 350 4457 386 4530; x_wconf 91' lang='lat' dir='ltr'>in</span> <span class='ocrx_word' id='word_1_471' title='bbox 399 4451 578 4528; x_wconf 83' lang='lat' dir='ltr'>canalibus</span> <span class='ocrx_word' id='word_1_472' title='bbox 592 4471 698 4550; x_wconf 79' lang='lat' dir='ltr'>vero,</span> <span class='ocrx_word' id='word_1_473' title='bbox 723 4454 787 4550; x_wconf 91' lang='lat' dir='ltr'>qui</span> <span class='ocrx_word' id='word_1_474' title='bbox 806 4477 824 4526; x_wconf 86' lang='lat' dir='ltr'>a</span> <span class='ocrx_word' id='word_1_475' title='bbox 843 4447 1088 4550; x_wconf 87' lang='lat' dir='ltr'>septentrione</span> <span class='ocrx_word' id='word_1_476' title='bbox 1101 4447 1145 4521; x_wconf 90' lang='lat' dir='ltr'>ad</span> <span class='ocrx_word' id='word_1_477' title='bbox 1161 4447 1352 4524; x_wconf 90' lang='lat' dir='ltr'>meridiem</span> <span class='ocrx_word' id='word_1_478' title='bbox 1366 4448 1567 4550; x_wconf 89' lang='lat' dir='ltr'>ducuntur,</span> <span class='ocrx_word' id='word_1_479' title='bbox 1594 4447 1739 4526; x_wconf 83' lang='lat' dir='ltr'>easdem</span> 
     </span>
     <span class='ocr_line' id='line_1_43' title="bbox 88 4547 1742 4751; baseline -0.004 -120"><span class='ocrx_word' id='word_1_480' title='bbox 88 4557 196 4636; x_wconf 89' lang='lat' dir='ltr'>undas</span> <span class='ocrx_word' id='word_1_481' title='bbox 212 4553 312 4631; x_wconf 81' lang='lat' dir='ltr'>fuisse</span> <span class='ocrx_word' id='word_1_482' title='bbox 326 4555 483 4632; x_wconf 77' lang='lat' dir='ltr'>laterales</span> <span class='ocrx_word' id='word_1_483' title='bbox 496 4551 540 4630; x_wconf 89' lang='lat' dir='ltr'>ab</span> <span class='ocrx_word' id='word_1_484' title='bbox 558 4578 628 4630; x_wconf 86' lang='lat' dir='ltr'>una</span> <span class='ocrx_word' id='word_1_485' title='bbox 643 4555 723 4654; x_wconf 87' lang='lat' dir='ltr'>ripa</span> <span class='ocrx_word' id='word_1_486' title='bbox 742 4554 787 4630; x_wconf 91' lang='lat' dir='ltr'>ad</span> <span class='ocrx_word' id='word_1_487' title='bbox 801 4554 923 4751; x_wconf 55' lang='lat' dir='ltr'>alipii&amp;</span> <span class='ocrx_word' id='word_1_488' title='bbox 936 4548 1002 4750; x_wconf 74' lang='lat' dir='ltr'>sep</span> <span class='ocrx_word' id='word_1_489' title='bbox 1016 4548 1060 4626; x_wconf 92' lang='lat' dir='ltr'>ab</span> <span class='ocrx_word' id='word_1_490' title='bbox 1079 4550 1221 4626; x_wconf 90' lang='lat' dir='ltr'>oriente</span> <span class='ocrx_word' id='word_1_491' title='bbox 1243 4547 1288 4626; x_wconf 88' lang='lat' dir='ltr'>ad</span> <span class='ocrx_word' id='word_1_492' title='bbox 1304 4549 1543 4628; x_wconf 87' lang='lat' dir='ltr'>occidentem.</span> <span class='ocrx_word' id='word_1_493' title='bbox 1596 4549 1742 4727; x_wconf 74' lang='lat' dir='ltr'>3)sOb·</span> 
     </span>
    </p>

    <p class='ocr_par' dir='ltr' id='par_1_4' title="bbox 925 4675 1741 4746">
     <span class='ocr_line' id='line_1_44' title="bbox 925 4675 1741 4746; baseline 0.001 -19"><span class='ocrx_word' id='word_1_494' title='bbox 925 4677 974 4728; x_wconf 85' lang='lat' dir='ltr'>cc</span> <span class='ocrx_word' id='word_1_495' title='bbox 1050 4677 1066 4746; x_wconf 81' lang='lat'><em>3</em></span> <span class='ocrx_word' id='word_1_496' title='bbox 1642 4675 1741 4728; x_wconf 84' lang='lat' dir='ltr'>erva-</span> 
     </span>
    </p>
   </div>
   <div class='ocr_carea' id='block_1_3' title="bbox 0 0 2012 5218">
    <p class='ocr_par' dir='ltr' id='par_1_5' title="bbox 0 0 2012 5218">
     <span class='ocr_line' id='line_1_45' title="bbox 0 0 2012 5218; baseline 0 0"><span class='ocrx_word' id='word_1_497' title='bbox 0 0 2012 5218; x_wconf 95' lang='lat' dir='ltr'> </span> 
     </span>
    </p>
   </div>
  </div>
 </body>
</html>
