3876 5234
434 407 435 410 γ
591 323 597 334 ·
654 283 733 433 cip.
756 332 859 413 xiii.
895 331 953 414 33
967 295 1166 420 rimantis.
1241 423 1244 426 ,
1337 295 1342 308 ’
1551 323 1555 346 “
1608 319 1611 328 ’
1665 357 1738 432 333

88 491 363 603 Corpusculates
379 491 604 609 Philosophi,
620 507 682 608 qui
697 529 774 588 non
792 509 893 589 aliam
910 535 1109 616 corporum
1128 511 1334 592 mistionem
1351 508 1611 614 agnoscebant,
1625 537 1734 615 quani
1777 611 1778 614 p

81 624 128 676 ex
143 603 300 698 Atomis,
321 603 458 684 diversa
474 608 569 686 inter
584 607 742 712 sanguia
763 611 935 712 &forma
958 615 1126 716 preditis.
1179 613 1321 695 Contra
1344 638 1438 715 quos
1465 613 1572 692 eti-am
1593 637 1733 718 pugnet
1772 624 1777 652 ⁴

80 703 300 801 Aristoteles,
323 729 418 809 quos
434 707 469 786 83
484 733 555 812 ego
570 711 614 790 ab
628 711 696 790 hac
710 713 873 795 dodrina
895 715 1135 796 eliminandos
1160 715 1388 796 3113333133.
1431 717 1606 794 Naturam
1629 717 1730 796 enim
1863 821 1866 826 Ι

77 804 158 884 31333
173 805 253 886 suos
267 809 443 888 terminos
457 808 689 928 producunt,
704 814 741 892 83
756 818 931 920 principia
954 818 1049 898 iniis
1067 817 1210 898 sedibus
1226 840 1402 922 querunt,
1416 817 1454 922 in
1473 817 1602 920 quibus
1615 817 1729 900 sensui
1751 833 1753 836 ’

76 904 501 1014 suntimpervesiigabilia.
556 919 775 1024 Qianquam
790 919 889 1017 enim
903 945 982 1000 noir
997 919 1167 1007 diffitear,
1182 925 1293 1002 mulia
1306 945 1504 1024 corporum
1517 921 1728 1024 phoenome-

76 1029 115 1085 na
137 1008 345 1114 dependere
369 1037 388 1091 a
410 1014 635 1097 minimarum
659 1019 910 1123 particularium
930 1021 1222 1103 conditionibus:
1250 1043 1372 1102 tamen
1393 1021 1434 1099 id
1454 1020 1625 1100 affirmare
1647 1047 1728 1104 noir

75 1109 266 1220 possumus,
277 1113 484 1196 mistionem
500 1143 699 1225 corporum
716 1123 823 1203 taleni
838 1121 896 1202 vel
911 1125 1017 1204 talem
1033 1123 1121 1222 esse,
1135 1127 1187 1204 ob
1201 1126 1372 1206 minimas
1384 1125 1591 1227 particulas,
1606 1126 1654 1202 ita
1667 1125 1727 1202 in-

75 1233 121 1292 ter
137 1211 172 1292 se
184 1235 436 1318 compararas·
459 1222 513 1306 ‚Et
526 1246 733 1327 quanquam
749 1233 902 1332 corpora
915 1252 982 1330 per
995 1250 1192 1306 extremam
1207 1227 1465 1306 resolutionem
1481 1225 1518 1304 in
1534 1227 1726 1322 313333333-

73 1337 114 1391 rae
126 1319 310 1426 particulas
324 1319 419 1398 abire
436 1321 587 1424 poffint,
603 1352 681 1406 non
699 1327 867 1432 sequetur
881 1348 1002 1408 tamen
1019 1355 1065 1408 ex
1082 1355 1143 1424 eo,
1159 1331 1204 1408 ab
1220 1331 1328 1410 initio
1342 1327 1459 1406 stetim
1472 1327 1621 1408 adfuisse
1635 1329 1725 1408 tales

73 1420 267 1519 particulas,
290 1447 372 1528 qua
387 1448 522 1528 corpus
536 1427 632 1508 istud
648 1431 883 1511 conticerent.
906 1463 910 1478 ¹
935 1431 1083 1512 Possunt
1104 1433 1204 1510 enirn
1220 1431 1356 1510 diversa
1373 1431 1540 1533 quaedam
1554 1447 1725 1534 corpora,

72 1520 161 1600 velut
174 1526 369 1630 principia,
390 1525 459 1604 3113
479 1527 517 1608 13
533 1533 805 1638 tertiaquadsm
821 1531 938 1638 specie
960 1535 1232 1628 constituenda,
1255 1533 1318 1614 ubi
1333 1557 1412 1612 nori
1427 1533 1481 1612 est
1493 1555 1566 1612 tini
1580 1533 1629 1612 de
1642 1557 1725 1639 par·

70 1622 174 1702 riculis
189 1625 469 1730 inquirendum,
490 1657 596 1734 quam
610 1633 660 1713 de
682 1634 761 1740 ipsis
784 1637 1000 1740 corporibus
1017 1637 1180 1733 divetfis,
1204 1636 1338 1740 quibus
1352 1634 1486 1718 eccidit
1506 1635 1545 1714 iii
1559 1633 1726 1722 33133331

70 1725 145 1803 tales
159 1731 347 1832 particulas
362 1731 502 1826 resolvi,
520 1737 575 1812 vel
594 1736 641 1814 ita
656 1740 882 1842 perminima
897 1739 955 1818 suu
969 1737 1118 1818 misceri.
1213 1739 1290 1818 uod
1304 1737 1327 1816 si
1341 1738 1463 1840 itaque
1476 1743 1721 1839 cognoverim
1830 1841 1833 1846 Ι

71 1825 136 1906 duo
149 1830 205 1908 1113
219 1831 416 1952 principia,
437 1836 524 1913 ultra
547 1840 897 1948 contemplationem
912 1842 966 1920 est
980 1841 1191 1924 nostram&
1220 1841 1368 1920 ensrium
1384 1838 1722 2020 apprehensionem,

69 1933 249 2030 quomodo
263 1937 408 2016 minima
425 1936 575 2018 illorum
586 1965 789 2046 corporum
811 1943 881 2022 sese
899 1945 1196 2048 complediantur.
1248 1945 1288 2022 ld
1306 1945 1403 2022 enim
1434 1964 1549 2044 ponte
1564 1942 1620 2022 sus
1634 1967 1722 2024 eve·

69 2033 252 2125 31383311
267 2041 415 2142 quidam
430 2066 546 2120 nexus
558 2041 596 2121 dr
609 2047 739 2125 relacio
751 2065 948 2152 corporum
963 2047 1191 2148 quorundam
1205 2049 1301 2124 inter
1317 2047 1364 2138 se,
1379 2045 1480 2124 nullo
1495 2044 1720 2146 3313131333-

67 2135 122 2316 pip
135 2140 398 2260 explorabis,
417 2168 525 2248 quam
539 2149 750 2248 permittere
771 2173 908 2231 naturae
930 2148 1127 2246 debemus,
1156 2149 1236 2232 satis
1250 2145 1374 2240 dolii,
1403 2145 1520 2226 modo
1542 2145 1722 2250 principie

66 2259 124 2340 ipa
139 2265 430 2346 cognoverimus
1251 2327 1253 2334 .

153 2445 245 2552 Qo
267 2447 378 2552 magis
402 2447 1495 2552 3333313311333333113313333133131131331133333333333,
1533 2472 1584 2530 33
1596 2449 1717 2542 minus
1754 2469 1776 2544 3

64 2545 279 2652 certitudinis
293 2553 327 2628 se
345 2553 450 2630 nobis
467 2552 586 2632 offert.
624 2563 793 2654 'Animus
808 2557 907 2635 enim
915 2583 960 2652 ,a
976 2555 1121 2662 materia
1134 2551 1344 2648 abstrusius,
1360 2552 1603 2658 speculatione
1625 2579 1717 2660 qua-¹

64 2643 145 2756 deni,
158 2651 194 2730 in
209 2651 245 2731 se
259 2654 407 2748 3311333,
422 2655 534 2735 rii-uita
549 2657 851 2760 concipiet,quae
864 2679 985 2738 tamen
1002 2657 1098 2736 adeo
1109 2655 1276 2736 absolutae
1289 2654 1448 2736 veritatis
1463 2673 1542 2736 no'n
1556 2657 1655 2751 sunt,
1670 2673 1714 2738 ut

62 2749 156 2830 mliii
168 2756 397 2858 acquiescere
408 2757 590 2859 possimus,
641 2763 687 2839 Et
707 2759 744 2836 id
759 2760 858 2840 sorte
874 2760 1028 2866 positum
1045 2761 1098 2836 esi
1111 2782 1209 2837 extra
1230 2759 1367 2860 ingenii
1387 2757 1505 2838 nostri
1524 2759 1713 2840 conditio·

62 2871 134 2930 neni
142 2878 208 2948 ,ut
216 2858 404 2942 Elementa
417 2885 535 2940 rerum
550 2860 695 2968 πρώτως
712 2863 825 2966 prima
842 2861 995 2940 definire
1008 2861 1076 2940 ulla
1091 2861 1317 2963 cogitatione
1381 2859 1509 2940 1133333.
1558 2859 1711 2944 Abeun-

62 2950 137 3032 dum
150 2960 251 3038 enim
267 2961 321 3043 est
334 2963 380 3039 ad
394 2953 528 3065 eliqu'is
540 2966 714 3044 notiones
729 2964 914 3043 abstradlas
932 2987 1168 3062 communes,
1189 2963 1317 3039 univer
1330 2961 1419 3056 ales,
1442 2961 1572 3064 quibus
1587 2985 1713 3048 tamen

62 3055 399 3162 311131136133311,
416 3091 526 3167 quam
544 3090 585 3146 ut
599 3066 782 3172 ingeniosi
796 3064 1224 3170 eliquaverifimilitudine
1239 3064 1714 3170 expriinamutea‚quorum

61 3179 148 3238 ieras
160 3166 321 3244 rationes
334 3167 460 3270 assequi
476 3194 556 3248 non
570 3174 767 3276 possumus.
826 3169 926 3248 Nihil
941 3169 1065 3270 iraque
1086 3166 1256 3259 nimium,
1278 3189 1339 3247 333
1361 3193 1379 3244 a
1396 3165 1523 3270 reipsa
1543 3167 1715 3266 alienum,
1765 3215 1779 3251 -.

60 3257 190 3368 dixero,
204 3266 229 3345 si
246 3269 346 3347 133333
362 3271 594 3373 Physicorum
608 3275 767 3353 laborem
778 3271 989 3376 Sisypheum
1002 3271 1175 3364 dixerim,
1191 3267 1228 3346 &
1244 3268 1333 3349 inse
1349 3266 1586 3362 redeuntem,
1598 3294 1640 3346 33
1654 3269 1712 3350 133-

60 3383 194 3446 cernon.
244 3369 384 3452 Sufficit
397 3375 519 3467 nubis,
534 3371 556 3452 si
573 3376 613 3454 iii
626 3372 863 3458 mixtionibus
877 3397 1074 3476 corporum
1086 3396 1132 3450 'ea
1146 3369 1314 3474 indagare
1332 3364 1503 3478 poiiiniiis
1520 3371 1713 3474 principia,

60 3486 124 3562 que
136 3470 187 3549 illa
201 3471 414 3553 immediate
427 3476 676 3571 constituunt,
692 3477 728 3556 83
745 3499 836 3565 tum,
849 3499 891 3555 ut
906 3498 1017 3580 puto,
1032 3471 1159 3552 officio
1176 3470 1458 3576 nostroegregie
1469 3471 1586 3589 1333111
1594 3469 1710 3590 133331·

59 3589 137 3657 iiius,
150 3574 269 3654 3311313
287 3577 553 3680 imaginariis&
570 3579 813 3660 Citbedran'is
827 3577 1054 3681 Pidlosuphis
1068 3575 1145 3681 1113,
1171 3601 1251 3678 que
1266 3575 1364 3679 viget
1378 3582 1418 3652 in
1433 3573 1583 3669 scholis,
1593 3573 1721 3689 infru·-

58 3666 159 3780 driusi
185 3678 552 3798 contemplatione&
576 3683 821 3764 altercatione.
873 3680 933 3760 Sic
955 3678 1171 3797 multisunt
1190 3702 1212 3754 e
1234 3678 1451 3795 corporibus
1470 3675 1710 3772 naturabbus,

57 3776 321 3968 silisis
331 3806 477 3964 111ξὲ
486 3777 1709 3997 313111131131311131113111133113
1791 3868 1795 3876 ¹

56 3995 92 4052 ex
106 3981 232 4081 quibus
248 3989 413 4090 proxime
429 3992 665 4092 componitur
678 4013 813 4109 corpus
829 3987 996 4092 aliquod,
1020 4007 1101 4090 que
1114 3985 1248 4064 33111333
1264 3985 1343 4088 quis
1354 3983 1539 4100 Elementa
1554 3982 1707 4072 dixerit,

55 4098 243 4185 quanquam
257 4113 335 4168 non
351 4087 418 4171 sint
432 4088 532 4168 istius
544 4090 784 4196 simplicitatis,
802 4105 912 4194 quam
927 4089 1037 4193 vulgo
1052 4087 1428 4166 tribuuntElementic
1479 4084 1591 4163 Certe
1600 4084 1704 4187 Chy-

54 4179 217 4267 nieorum
236 4192 466 4296 principiam
481 4192 694 4294 quibusdam
709 4202 862 4298 propius
875 4189 983 4270 ferire
998 4191 1147 4294 scopum
1163 4189 1356 4284 videntur,
1370 4211 1480 4293 quam
1494 4209 1575 4306 quse
1590 4188 1705 4304 vulgo

55 4277 216 4368 hibentur
229 4292 278 4370 de
293 4293 487 4386 Elementis
501 4295 689 4400 dogmata:
712 4297 774 4375 sed
788 4317 910 4375 tamen
924 4293 961 4372 dr
977 4293 1015 4371 in
1029 4294 1094 4372 illis
1109 4289 1222 4370 multa
1236 4289 1540 4407 speculationibus
1553 4311 1706 4406 mcertis

55 4378 123 4466 lunt
135 4390 283 4483 siiffuita,
301 4395 338 4476 113
354 4395 510 4499 generali
527 4399 646 4501 alique
661 4399 818 4478 notione
833 4419 904 4473 nos
920 4419 1024 4499 reque
1040 4398 1079 4476 in
1093 4393 1249 4474 obscuro
1268 4411 1436 4472 retinent.
1488 4391 1700 4506 113333133-

55 4505 78 4553 n
93 4495 114 4563 l.
131 4495 185 4598 egi
200 4495 391 4601 aliquanto
405 4499 598 4602 prolixius,
613 4503 713 4580 unde
728 4498 843 4602 repeti
856 4495 1012 4600 possunt,
1028 4497 1068 4576 in
1084 4513 1260 4598 quantum
1274 4495 1321 4597 ed
1336 4490 1703 4613 presensnegqirum

54 4595 228 4682 pertinent.
282 4599 410 4680 Nolim
432 4622 557 4680 tamen
569 4601 677 4681 133113
690 4604 815 4682 omnia
833 4599 1007 4699 probare,
1027 4623 1107 4702 quie
1119 4594 1285 4714 adversus
1300 4620 1367 4678 trie
1386 4595 1443 4674 illa
1455 4615 1633 4696 principia
1646 4587 1700 4672 31-

55 4684 813 4813 inssoyuuancqmstasusnepianeojos
827 4700 1097 4908 scppiqsmpm
1110 4723 1345 4792 muruco
1358 4695 1528 4820 tortu,
1541 4716 1702 4901 “Q

764 4904 768 4912 ι

717 4942 722 4950 ι
