3972 5226
256 305 261 315 ,
370 247 527 353 Capill.
554 247 613 331 Da
630 245 772 352 Physica
785 237 952 350 Mefitim,
967 185 1477 350 eiusqaelmerpreriiassrsr.
1550 185 1571 319 ΙῘ
1686 267 1756 340 161

99 433 214 516 diebus
240 415 487 530 introduiius,
518 438 582 542 qui
608 399 728 518 status¹
741 437 929 540 hodieque
952 433 1075 529 durat,
1111 435 1213 532 unde
1232 435 1271 516 in
1293 431 1414 516 masas
1436 437 1509 518 illas
1530 442 1775 545 particulares·

99 563 207 642 aquae,
231 553 352 632 terre,
372 539 618 629 mineralium,
633 540 701 619 &c
718 539 963 618 distinslaest.
1016 536 1099 634 Ejus
1114 540 1320 618 varietatem
1336 547 1515 646 proponit
1529 569 1574 623 ex
1588 547 1759 627 varietate

98 665 287 758 corporum
302 641 562 744 principalium.
615 645 727 730 Unde
745 642 832 720 ficut
854 663 1008 745 corpora
1023 642 1081 718 vel
1104 642 1340 743 primordialia
1357 645 1456 738 scrut,
1480 647 1538 738 vel
1559 646 1759 750 seminalia,

98 767 142 820 tta
166 741 305 822 massam
336 768 554 861 corpptum,
583 746 642 822 vel
665 745 949 848 primordialem,
981 741 1038 817 vel
1060 742 1283 838 seminalem,
1316 745 1421 844 facit;
1462 747 1760 855 tationelcorpo-
1924 779 1931 786 “

96 846 158 930 ris,
191 843 255 924 cui
276 865 476 949 rumpent,
511 845 679 937 faeitssvel
702 854 879 938 nativam,
914 844 1250 934 vehadventitiam,
1286 847 1345 924 vel
1367 871 1660 952 permanentem,
1698 853 1758 930 vel

96 947 231 1026 fluxam.
283 949 404 1048 Pergit
424 947 764 1028 deindeAxiomata
778 945 993 1033 statuendo,
1018 945 1149 1047 quibus
1165 948 1407 1046 demonstrat,
1432 950 1573 1032 massam
1592 953 1632 1030 in
1647 962 1759 1034 unio-

94 1074 136 1126 ne
151 1047 355 1151 Spiritus&
371 1051 482 1130 Lucis
492 1049 716 1148 constituere
729 1073 873 1153 corpur.
923 1046 1068 1128 Massam
1085 1048 1179 1127 illam
1198 1048 1395 1130 informem
1409 1052 1530 1156 fingit:
1556 1053 1619 1134 sed
1633 1077 1758 1136 tamen

97 1149 193 1228 instar
206 1148 303 1228 fumi
325 1152 524 1256 &vaporis
538 1153 828 1238 discontinuam,
854 1163 939 1230 cum
955 1151 1160 1244 Comenio,
1187 1161 1353 1227 Axiomate
1368 1186 1412 1250 14·
1440 1181 1505 1258 cap.
1521 1187 1543 1233 ι.
1583 1155 1761 1237 &tamen
1810 1161 1817 1176 ‘

96 1263 209 1331 Axima.
225 1253 430 1332 ramesiam
449 1257 577 1332 mundi
592 1255 751 1358 partibus
765 1254 834 1332 fitis
848 1253 1094 1331 cohaerentem
1116 1252 1278 1354 undique
1301 1254 1413 1356 neit,
1430 1279 1541 1361 quam
1554 1275 1676 1338 tamen
1689 1261 1759 1340 sta-

96 1353 151 1432 tim
165 1362 290 1430 Axiona
312 1365 340 1431 6.
365 1356 529 1458 porosam
552 1357 691 1442 statult;
714 1381 793 1458 quae
808 1353 1002 1458 quomodo
1025 1353 1217 1440 consistere
1232 1355 1329 1435 fimus
1345 1357 1498 1460 polhnt,
1520 1382 1593 1461 ego
1607 1361 1759 1462 quidem
1794 1446 1801 1456 ,

96 1479 165 1534 non
179 1453 302 1534 video.
359 1459 404 1536 Et
423 1457 478 1535 illa
501 1479 639 1557 cetera,
667 1481 749 1560 quae
762 1457 810 1535 de
832 1455 933 1534 malla
948 1456 1145 1559 proponit,
1170 1463 1296 1560 potius
1309 1485 1357 1538 ex
1377 1459 1443 1538 suo
1463 1461 1615 1563 ingenio
1629 1463 1759 1553 linxit,

98 1581 196 1660 quam
212 1582 262 1634 ex
277 1557 397 1638 verbis
412 1557 545 1664 Moyfis
568 1561 718 1658 accepit.
772 1562 945 1662 Namque
967 1558 1022 1634 illa
1042 1559 1164 1636 omnia
1179 1557 1217 1635 tr
1232 1559 1280 1637 de
1302 1563 1448 1642 materia
1463 1561 1521 1640 sua
1537 1562 1660 1642 dicere
1674 1565 1759 1668 pos·
1861 1583 1866 1592 '

101 1663 173 1737 sunt
196 1659 272 1736 Peri
303 1661 425 1738 atetici
445 1660 483 1738 dt
503 1659 719 1748 Cartefianl,
745 1659 788 1738 ’δι
810 1670 1024 1764 quicunque
1042 1659 1098 1737 aiii
1118 1659 1347 1766 Philosophi,
1372 1665 1436 1765 qui
1458 1661 1677 1768 principium
1698 1667 1760 1746 ali-

102 1761 199 1939 guod
213 1685 410 1864 patirum,
435 1775 478 1840 ut'
498 1764 652 1842 statuere
666 1764 823 1861 debent,
849 1765 1024 1853 statuent,
1049 1761 1152 1863 quod
1168 1762 1238 1840 srue
1258 1764 1397 1864 mnsam
1412 1767 1605 1844 Mosaicam
1626 1793 1759 1866 voces,

113 1893 122 1940 l

124 1887 166 1938 te
188 1885 353 1942 naturam
371 1861 630 1960 subjacentem,
656 1887 698 1943 ut
712 1867 886 1970 Bayerua,
903 1857 985 1941 ‘srve
1008 1865 1213 1958 Materiam,
1247 1888 1291 1944 ut
1311 1867 1555 1972 Peripatetici,
1578 1868 1650 1946 save
1665 1876 1761 1951 Ato-
1785 1919 1788 1930 ·
1877 1915 1884 1942 ι
1950 1887 1957 1910 “

102 1991 197 2057 mos,
223 1987 267 2044 ut
290 1961 543 2058 Democritus,
565 1968 688 2045 omnia
711 1974 751 2044 in
773 1967 869 2044 idem
891 1966 1070 2044 recidunt.
1135 1969 1301 2046 Alterum
1317 1971 1457 2070 Bayero
1471 1969 1761 2072 principiumleli

102 2067 234 2146 Natura
257 2065 456 2162 fabricans,
498 2067 560 2146 sub
581 2093 653 2171 qua
673 2068 956 2172 comprehendit
980 2071 1120 2162 Deum,
1164 2067 1335 2170 Spiritum
1357 2071 1525 2157 vitalem,
1558 2071 1761 2178 Mosaieuhn

101 2167 367 2268 Plasmatorem,
394 2169 430 2246 dr
454 2171 672 2251 extrinsecos
685 2192 892 2273 patratores.
970 2173 1021 2248 lta
1045 2171 1142 2247 enim
1168 2169 1319 2249 sollicite
1340 2171 1420 2248 illos
1441 2171 1647 2272 distinguit,
1678 2179 1761 2254 noh
1816 2267 1822 2274 ,

102 2269 251 2374 Moysis,
280 2270 341 2348 sed
357 2271 424 2350 suis
440 2271 600 2348 infistens
617 2272 781 2374 vestigiis.
832 2271 970 2372 Neque
984 2273 1083 2348 enim
1099 2271 1229 2368 video,
1252 2296 1334 2373 quae
1353 2273 1445 2348 ratio
1459 2270 1499 2347 srt
1512 2271 1759 2376 distinguendi

102 2393 296 2474 patratores
315 2368 536 2452 extrinsecos
550 2374 593 2452 ab
610 2373 687 2476 ipso
703 2372 835 2474 Spiritu
852 2372 961 2453 vitali.
1026 2374 1079 2450 Ex
1098 2371 1166 2450 illis
1187 2372 1285 2450 enim
1307 2372 1395 2451 facit
1414 2373 1519 2450 alium
1537 2383 1759 2476 patratorem
1829 2419 1833 2428 =

102 2476 339 2554 extrinsecum
355 2473 531 2575 cuiusque
549 2471 731 2553 lndividui
748 2475 784 2550 in
801 2474 919 2578 specie
934 2479 1042 2565 ceria,
1112 2475 1229 2552 Hunc
1251 2472 1359 2572 satit,
1385 2474 1443 2552 vel
1464 2473 1673 2568 solitarium,
1698 2479 1760 2556 vel

101 2579 264 2663 totalem,
293 2575 354 2678 qui
371 2575 443 2654 fine
467 2576 643 2694 concursu
665 2577 809 2655 alterius
832 2575 1017 2694 concausae
1037 2573 1216 2655 sufficiens
1231 2573 1272 2654 srt
1286 2577 1330 2654 ad
1344 2575 1760 2695 semetipsum-seminali·
1826 2597 1830 2603 ’

101 2697 152 2858 li
167 2676 1760 2895 lii„iiiiiilili‘lhi‘ltiillttristitiis,insiliisset
1797 2801 1806 2814 ·

100 2881 266 2984 Spiritum
282 2883 427 2960 vitalem
451 2887 497 2960 eit
521 2881 758 2960 incubatione
770 2880 922 2983 Spiritus
937 2881 970 2956 S.
987 2877 1090 2982 super
1112 2894 1295 2958 maten'am
1310 2879 1502 2958 Mosarcam
1522 2883 1662 2962 trahere
1684 2894 1760 2964 ori-

101 2993 240 3081 giuem,
263 2981 396 3076 asserit,
424 2983 529 3088 quod
553 2983 647 3060 adeo
668 3007 809 3062 novum
824 2983 880 3058 eli
895 2979 1000 3084 ipsius
1023 3001 1285 3059 commentum.
1336 2983 1433 3058 Nam
1448 2981 1496 3058 de
1516 3007 1597 3060 uno
1616 3002 1769 3068 tantum

101 3089 227 3188 Spiritu
242 3085 384 3164 mentio
401 3085 442 3166 sit
463 3085 501 3162 in
518 3085 636 3163 verbis
654 3081 804 3186 Moysis,
831 3081 902 3160 sure
926 3081 1182 3183 intelligendus
1197 3080 1237 3158 srt
1260 3081 1319 3159 ille
1333 3081 1482 3184 Spiritus
1495 3084 1663 3180 sandius,
1687 3087 1760 3168 srve

100 3187 248 3291 Spiritus
272 3187 419 3287 mundi,¹
451 3186 533 3288 qui,
570 3187 672 3288 quod
693 3184 927 3264 incubatione
949 3181 1146 3286 produslus
1167 3182 1295 3276 suerit,
1328 3208 1413 3261 cum
1434 3183 1657 3264 revelatione
1678 3213 1760 3276 non

102 3293 263 3383 conliet,
293 3315 416 3392 neque
438 3313 507 3366 nos
520 3313 651 3391 capere
665 3286 865 3391 possumus,
899 3309 970 3362 nec
984 3287 1140 3385 Bryerus
1155 3283 1306 3363 definire
1319 3285 1451 3388 potest.
1510 3287 1659 3390 Spiritus
1676 3291 1760 3370 vitae

100 3391 303 3472 universalis
316 3391 548 3474 constituitur
568 3414 677 3491 agens
702 3409 863 3466 creatum
884 3385 1079 3465 &hunum
1099 3387 1143 3462 ab
1164 3385 1247 3472 illo,
1272 3387 1376 3490 quod
1392 3408 1533 3466 naturas
1548 3413 1762 3493 corporeas,

99 3493 295 3574 secundum
312 3493 491 3596 assignatas
513 3491 630 3590 ideas,
655 3488 833 3568 efformet.
893 3489 987 3566 Tale
1001 3509 1094 3563 vero
1115 3511 1224 3589 agens
1242 3487 1281 3566 in
1304 3487 1427 3566 n'atura
1447 3487 1534 3581 elle,
1563 3493 1683 3570 multis
1697 3493 1762 3572 ad-

99 3585 165 3676 huc
181 3595 488 3699 disputationibus
509 3593 711 3672 obnoxium
735 3592 796 3668 est.
859 3589 952 3689 Qis
966 3613 1055 3666 vero
1074 3587 1175 3666 ideas
1194 3587 1268 3668 illas
1282 3588 1436 3682 formet,
1461 3589 1658 3672 secundum
1674 3619 1766 3698 quas

102 3717 273 3800 operetur
286 3695 376 3777 illud
389 3721 513 3800 agene,
528 3694 615 3772 scire
629 3693 762 3776 veliml
814 3692 873 3768 An
888 3695 988 3768 Deus
1011 3687 1049 3766 id
1064 3688 1175 3772 sacitl
1226 3693 1278 3770 lta
1299 3691 1344 3768 ad
1362 3691 1528 3770 omnium
1552 3717 1672 3774 rerum
1698 3721 1764 3801 ge·
1790 3733 1794 3740 ·

92 3807 331 3879 ¹necationem
351 3803 373 3876 s
391 3797 489 3878 eciali
507 3797 578 3874 Dei
593 3793 771 3874 concursu
792 3817 886 3895 opus
902 3791 973 3884 eli,
993 3815 1035 3870 ac
1057 3796 1071 3866 i
1099 3790 1166 3872 srus
1179 3789 1305 3870 forme
1320 3799 1439 3870 vicem
1457 3795 1557 3873 Deus
1567 3796 1699 3895 ,subies
1725 3797 1764 3876 Si

100 3902 140 3980 ab
155 3923 291 4006 agente
314 3825 395 4003 ipPr
414 3893 504 4004 ideae
522 3899 744 3988 formantur,
766 3815 1145 4009 intelligentiamiilud
1167 3891 1274 3972 faciat
1294 3892 1434 4010 necesse
1449 3894 1511 4012 est.
1539 3956 1547 3970 .
1573 3897 1667 4002 Qrae
1685 3899 1765 3978 sen·
1846 3895 1850 3904 ’

100 4007 209 4081 tentia
225 4001 386 4082 Arabum
403 3999 659 4098 &judeorum
673 3999 780 4075 etiam
794 3993 884 4088 fult,
913 4019 1021 4098 quam
1042 3993 1214 4074 inducere
1235 3995 1343 4074 nobis
1364 3994 1490 4098 religio
1505 3995 1575 4085 csta
1600 4000 1765 4080 maximis

101 4107 196 4184 enim
213 4107 254 4183 dc
272 4101 478 4208 periculose
491 4099 760 4180 difficultatibus
780 4095 935 4191 subjacet
955 4096 1019 4173 ista
1035 4093 1219 4191 doslrina,
1258 4098 1397 4200 quique
1411 4097 1564 4199 Magiam
1585 4101 1765 4207 profiten-

101 4227 172 4288 tur,
195 4228 421 4310 perpetuum
436 4203 474 4280 in
496 4201 558 4280 illo
572 4201 743 4306 dogmate
762 4197 1005 4300 patrocinium
1027 4193 1089 4274 libi
1103 4219 1277 4300 quarunt.
1353 4199 1460 4276 Hanc
1480 4223 1642 4282 naturam
1657 4203 1766 4282 sabri-

103 4331 249 4388 cantem
264 4306 528 4411 particularem,
576 4323 659 4382 uam
674 4300 846 4419 Spiritum
867 4299 1013 4376 vitalem
1027 4321 1153 4385 vocat,
1177 4295 1282 4394 facit,
1308 4299 1368 4378 vel
1392 4307 1571 4381 internam
1586 4305 1622 4383 δι
1638 4306 1766 4384 imme·
1854 4355 1859 4360 -

104 4412 255 4502 dietam,
278 4407 336 4483 vel
356 4429 540 4486 externam
609 4401 809 4482 mediatam.
861 4403 1041 4478 internam
1065 4425 1107 4477 ac
1130 4399 1371 4502 immediatam
1393 4419 1501 4482 vocat
1514 4409 1648 4483 Auram
1672 4407 1767 4485 illam
1813 4472 1815 4480 ,

105 4511 269 4609 sitalem,
296 4505 355 4587 seu
373 4506 543 4610 Spiritum
563 4507 645 4584 vite
670 4512 806 4607 (quem
822 4501 1028 4605 Sapientem
1049 4501 1157 4580 etiam
1177 4503 1351 4605 appellat,
1376 4503 1476 4580 unde
1496 4503 1767 4609 intelligentiam

105 4613 203 4695 illum
219 4613 324 4688 hunc
336 4607 458 4790 isicem
472 4628 613 4690 ceruam
629 4605 707 4702 est)
725 4602 908 4686 aiiuosum
929 4620 1256 4803 πᾶεὲιεαιῃῑοω,
1280 4605 1416 4710 quique
1429 4603 1553 4689 omnia
1567 4629 1768 4724 exequant

199 4714 322 4794 Tom.
497 4741 500 4746 ·
732 4765 757 4784 -.
1723 4730 1765 4792 tn
