3876 5234
88 407 94 420 ⁸
231 379 362 512 ddid,
378 411 479 522 quod
492 410 682 518 queritur,
696 441 739 488 on
753 435 935 518 utrumque,

191 713 202 754 Ι

163 1445 193 1536 '4

227 251 300 368 ³¹⁸.
566 230 596 274 ³
692 209 854 339 Polybus.
878 228 1401 340 astrosops.m.rr.sm.1t

969 416 1507 518 1111911111Δανιηινινιοειιωβὶε1
1553 413 1790 536 txr'mq'patem?
1814 447 1858 504 re·
1916 501 1917 510 ,

65 537 74 548 “
230 515 488 628 spondendum
509 517 578 596 esl:
611 509 760 608 Mobile,
778 539 864 594 cum
880 438 983 594 nulso
997 514 1113 594 modo
1128 515 1315 613 existeret,
1337 544 1416 599 non
1434 435 1553 598 sumpt
1551 544 1715 624 proxime
1780 546 1860 614 rens,
1916 559 1917 564 ¹

232 628 428 705 Potentem
443 645 532 700 vero
547 616 648 697 fuisse
662 638 827 710 motum,
848 615 913 716 qui
927 616 1049 716 omnia
1063 616 1185 699 habuit
1199 617 1492 702 admovendum
1507 619 1682 724 requisrta.
1706 699 1710 710 ,
1765 649 1809 704 on
1822 627 1861 706 s·

260 726 358 806 uitur
373 745 553 806 tamenex
567 721 658 810 hoc,
672 736 813 800 motum
828 715 899 794 sem
949 715 1091 798 eluisse.
1143 719 1237 800 Tale
1254 720 1354 801 enim
1370 743 1621 826 argumentum
1635 723 1721 804 nihil
1735 729 1862 808 conclu·

231 753 541 928 ditinagentibus
556 821 696 914 liberis,
725 845 822 923 ,quae
834 845 886 923 po
899 821 956 898 rtis
972 823 1143 902 omnibus
1164 821 1209 900 lad
1225 825 1405 926 agendum
1420 823 1615 928 tequifieis,
1649 825 1789 931 possunt
1801 853 1863 908 non
1917 867 1918 870 ¹

162 943 165 952 ’
230 953 344 1035 agere.
379 929 514 1026 Neque
528 923 796 1004 demonstretur
809 920 882 1000 hoc
894 923 1365 1022 ArgumentoAtistotelico
1378 951 1471 1006 unus
1486 929 1641 1010 nurnero
1654 951 1770 1006 motus
1782 953 1864 1008 ater·

230 1058 300 1112 nus
316 1030 353 1108 &
368 1033 565 1108 continuus
571 1081 584 1120 ,
609 1025 667 1102 sed
682 1022 857 1127 probatur
876 1022 977 1103 luisse
994 1023 1132 1130 semper
1145 1025 1301 1128 aliquem
1320 1053 1461 1108 motum
1488 1031 1527 1108 in
1541 1027 1681 1108 infinita
1694 1037 1864 1211 cqr'ponuu

1732 1129 1865 1214 'oteles
1918 1198 1919 1264 p

1918 1265 1919 1308 l

229 1129 474 1227 multitudine,
490 1151 611 1234 neque
625 1125 703 1202 fieri
719 1123 885 1230 potuisse,
898 1146 941 1202 ut
956 1126 1081 1233 omnia·
1092 1126 1190 1208 smus
1205 1129 1444 1233 quiescerent.
1484 1136 1610 1234 Atque
1626 1131 1729 1212 itallr

228 1237 279 1318 de
293 1232 423 1316 mundl
436 1232 541 1332 hujus
555 1225 819 1354 constitutione
833 1223 1024 1327 judicabor.
1084 1291 1089 1304 .

341 1439 494 1522 Petro
516 1437 642 1522 itidem
657 1439 779 1520 Deum
800 1436 839 1517 u
854 1435 1039 1518 Materiam
1060 1435 1235 1520 statuebat
1256 1417 1444 1535 uternam,
1483 1407 1642 1544 quotum
1653 1437 1821 1518 'neutrum
1833 1433 1865 1514 fit

229 1540 374 1623 altetlus
393 1548 615 1648 procreatrix
635 1538 744 1620 causa.
781 1584 786 1590 -
823 1539 989 1623 Materiae.
1004 1540 1246 1621 necelsrtatem
1266 1543 1453 1640 maximam
1477 1567 1606 1621 omnes
1629 1539 1730 1620 seue
1743 1539 1864 1632 dabant,

106 1679 110 1700 =
228 1645 316 1723 Deo
331 1645 533 1724 libertatem
546 1665 650 1724 tanto
670 1643 853 1724 minorem
870 1642 1027 1744 quisque
1048 1669 1094 1722 ex
1109 1651 1155 1720 ils
1176 1643 1296 1743 sedis,
1320 1653 1462 1747 quanto
1484 1642 1612 1722 arslius
1634 1669 1721 1722 cum
1740 1641 1865 1723 materis

228 1745 468 1826 oonneeleret
484 1747 596 1826 aurei
610 1745 848 1848 immergeret.
923 1743 1027 1824 Plato
1050 1745 1225 1840 credidit,
1248 1749 1427 1827 mundum
1443 1770 1489 1824 ex
1505 1744 1597 1824 libro
1614 1746 1685 1824 Dei
1706 1769 1785 1825 curn
1805 1767 1867 1820 ma·

228 1847 327 1928 teriae
349 1848 536 1950 congressu
566 1845 736 1928 exititilse.
809 1845 1094 1947 Platoniitoque
1118 1847 1292 1935 maxime,
1324 1847 1421 1927 inter
1442 1843 1682 1950 Philosopbos
1701 1843 1866 1936 Gentiles,
1920 1896 1921 1925 r

171 2032 177 2043 ,
226 1947 447 2034 liberrimum
469 1973 576 2052 agens
591 1951 693 2029 Deus
711 1949 787 2047 est3
838 1973 924 2029 cum
940 1945 1153 2027 Aristoteles
1176 1948 1214 2027 dr
1230 1949 1342 2029 Stoici
1363 1948 1506 2028 ntalem
1525 1949 1682 2052 aliquam
1704 1945 1867 2026 necessu·
1920 1933 1921 2006 l

228 2074 304 2131 tem
318 2051 424 2150 huius
439 2051 554 2130 ne'xus
567 2052 663 2132 inter
676 2054 799 2134 Deum
813 2048 851 2128 ἀ
864 2050 1045 2130 materiam
1060 2051 1266 2131 statuerent.
1331 2051 1521 2132 Platonicis
1535 2051 1657 2152 itaque
1671 2053 1769 2130 Deus
1782 2047 1867 2126 labro
1920 2031 1921 2092 Ψ

116 2193 126 2202 e
228 2151 346 2234 sunilis
362 2155 435 2244 est,
459 2179 479 2232 a
498 2153 591 2272 sylva
613 2151 670 2232 sua
691 2177 760 2262 per
775 2153 870 2234 valla
892 2151 1000 2269 spatia
1022 2151 1215 2252 dlllrtdot
1264 2153 1344 2240 hic,
1369 2152 1541 2257 quamdiu
1563 2149 1686 2248 volet,
1711 2149 1868 2268 quiescet,

228 2257 294 2336 ubi
315 2257 453 2360 cupido
474 2278 600 2336 veniet
622 2255 835 2336 exercende
856 2273 967 2350 attis,
994 2255 1161 2336 movebit
1182 2254 1217 2334 sc
1242 2254 1285 2331 ad
1311 2253 1469 2356 sylvam,
1496 2252 1534 2333 ἃ
1556 2253 1796 2334 instrumento
1815 2251 1870 2330 suis

227 2373 369 2438 tannnn
392 2357 467 2454 ejus
488 2357 691 2474 sebricabit,
708 2379 883 2458 quantum
905 2364 1029 2471 ‘aptum
1046 2357 1099 2435 est
1121 2356 1282 2534 recppere
1297 2357 1397 2482 ldeas
1417 2356 1512 2474 suas..
1581 2355 1742 2436 Srorer
1764 2357 1867 2432 Deum
1921 2359 1922 2374 ¹

224 2461 332 2566 plane
348 2458 490 2538 mundo
502 2457 782 2558 immergebant,
807 2457 845 2534 δι
865 2455 1045 2535 foetebant
1067 2481 1151 2535 eum
1190 2483 1326 2535 ormam
1349 2457 1478 2537 munds
1502 2457 1779 2554 informantem,
1801 2479 1871 2534 cum

115 2608 120 2621 x
223 2553 435 2642 Aristoteles
448 2558 584 2638 faceret
597 2557 751 2637 sormam
767 2555 990 2636 affistentem.
1065 2557 1119 2636 llll
1132 2556 1252 2639 autern
1267 2566 1314 2638 ita
1329 2557 1535 2640 immersum
1549 2577 1683 2662 putant
1696 2558 1795 2642 oumi
1808 2582 1869 2636 ma·
1922 2594 1923 2670 p

224 2661 351 2757 terite,
375 2684 417 2740 ut
438 2659 532 2738 nulla
557 2654 662 2763 plane
684 2659 735 2736 illi
760 2657 903 2737 libertas
925 2678 1011 2736 com
1038 2679 1137 2751 etat;
1189 2656 1255 2737 sati
1276 2661 1374 2740 enim
1397 2659 1553 2741 vinculis
1573 2661 1733 2744 irretitus
1752 2663 1817 2754 ell,
1837 2679 1871 2736 ut
1922 2673 1923 2744 l

224 2761 317 2844 nelli
335 2760 457 2867 pisces.
533 2762 637 2843 Solus
652 2761 747 2840 inter
761 2783 828 2840 eos
842 2759 941 2839 Plato
955 2779 994 2838 re
1031 2759 1085 2839 ‘us
1099 2759 1188 2864 quid
1202 2760 1317 2860 senfit,
1335 2789 1541 2869 quanquam
1556 2764 1633 2868 ipse
1650 2763 1689 2844 ἃ
1703 2768 1869 2846 materian
1922 2759 1923 2770 '

224 2887 394 2948 uternam
414 2863 571 2954 faceret,
601 2861 958 2968 &pervicaciorem
983 2887 1092 2967 quarn
1109 2886 1151 2942 ut
1163 2869 1204 2942 ln
1225 2860 1396 2944 omnibr'rs
1411 2885 1481 2969 pro
1496 2865 1613 2946 lubitu
1626 2869 1731 2948 Deus
1745 2895 1770 2947 ο
1795 2861 1868 2956 euri

108 3025 115 3034 -
223 2967 407 3074 potuerit,
432 2963 688 3059 &mundum
713 2961 821 3044 semel
838 2964 1054 3062 conditum,
1076 2989 1263 3068 nunquam
1286 2967 1512 3051 interiturum
1528 2969 1702 3053 statuerit.
1769 2893 1868 3050 inici

149 3123 153 3132 -
223 3069 402 3150 mundum
419 3067 569 3173 quidem
592 3067 822 3147 interiturum
838 3065 1059 3159 eredebant,
1088 3066 1150 3144 sed
1166 3092 1232 3170 per
1249 3066 1345 3146 vices
1361 3092 1482 3150 tamen
1505 3067 1636 3150 itemm
1652 3071 1867 3152 exoriturum·

196 3175 200 3184 “
225 3173 444 3276 Qanquam
467 3170 565 3248 enirn
590 3166 628 3246 δι
650 3166 914 3270 Cataclysnum
939 3165 981 3244 dr
998 3167 1195 3272 Ecpyrosin
1217 3169 1446 3268 statuebant,
1471 3172 1662 3289 negabant,
1675 3197 1794 3254 tamen
1813 3192 1870 3248 uu·

224 3299 333 3378 quarn
349 3300 368 3352 a
384 3272 501 3352 modo
518 3269 665 3374 separari
681 3267 756 3366 ejus
770 3268 924 3347 animam
930 3322 942 3362 ‚
968 3269 1162 3373 pristinum
1188 3271 1273 3350 illud
1297 3273 1443 3376 systema
1457 3272 1557 3353 suurn
1574 3297 1708 3356 iterum
1733 3275 1871 3354 elabora·

223 3398 349 3457 turam.
428 3378 508 3451 lmo
524 3370 735 3449 Aristoteles
748 3370 841 3474 ipse,
865 3370 1095 3448 lil.1.1lecoelo
1122 3402 1147 3448 c.
1165 3401 1203 3448 ιο.
1230 3399 1314 3476 eos,
1339 3381 1405 3477 qui
1417 3373 1485 3471 jem
1501 3375 1606 3479 ipsius
1620 3401 1804 3482 tempore,
1817 3395 1871 3479 per

209 3479 325 3557 -vices
340 3473 480 3554 dissolvi
493 3472 672 3552 mundum
695 3471 732 3550 &
753 3471 990 3572 redintegrari
1003 3471 1247 3576 disputabant,
1270 3501 1398 3556 revera
1421 3477 1550 3556 mundi
1571 3489 1807 3560 eternitatem
1820 3475 1872 3556 ad·

222 3579 361 3658 struere
374 3575 527 3676 judicat,
550 3574 898 3676 ontibustanquam
962 3573 1169 3654 tcirculum
1188 3577 1432 3658 redeuntibus.
1504 3581 1642 3662 Eorum
1671 3579 1870 3664 sententiam

78 3709 90 3721 ·
223 3679 295 3779 Jac
317 3675 542 3758 Thomosrus
570 3673 677 3754 subfi
727 3699 764 3754 ra
785 3679 866 3754 Ovi
957 3675 1133 3778 Gallinae,
1157 3685 1197 3756 ln
1221 3679 1358 3758 circulo
1381 3677 1605 3783 politorum,
1644 3685 1871 3789 representat

145 4667 148 4683 ,
222 4593 643 4724 curiosusexplictodor
672 4591 747 4698 sed,
760 4615 844 4682 eun
857 4588 991 4701 lnipfis
1002 4592 1191 4726 principiis
1204 4593 1389 4703 impingat,
1402 4595 1633 4728 nonpollunt
1646 4597 1814 4686 hincnifi
1827 4598 1875 4674 in·

225 3783 450 3862 Enrcvnvs
472 3780 579 3883 plane
600 3780 639 3856 in
657 3777 721 3854 a‘a
736 3776 891 3866 secetur,
912 3777 949 3854 δι
965 3778 1143 3856 mundum
1157 3781 1314 3860 credidit
1328 3803 1450 3860 ortum
1471 3781 1539 3861 ase
1554 3782 1649 3887 ipso,
1668 3785 1871 3866 ludentibus

223 3884 420 3980 tbaetemo
434 3880 570 3960 tamdiu
585 3877 735 3972 atomio,
752 3879 876 3958 donec
889 3879 934 3960 ad
951 3904 1152 3959 extremum
1167 3881 1241 3978 illa,
1259 3883 1487 3985 quantumvis
1501 3889 1709 3986 temeraria,
1733 3885 1871 3976 libratio,

222 3985 379 4066 sormam
393 3984 611 4088 exprimeret
622 3979 765 4066 mundi.
800 4079 809 4097 ι
839 3985 965 4097 Atque
978 3982 1056 4061 hac
1071 3983 1215 4063 materia
1230 3985 1359 4064 mundi
1375 4012 1394 4062 a
1410 3988 1493 4063 Deo
1504 3982 1556 4067 illi
1569 3987 1707 4068 deserta
1722 3990 1873 4080 habetur,

222 4091 352 4191 quem,
391 4112 411 4165 a
431 4084 576 4163 nuretia
596 4103 734 4162 aetetno
755 4079 945 4187 pnvllegro
967 4081 1194 4184 admodum,
1220 4086 1278 4165 sua
1300 4085 1413 4166 solum
1435 4087 1658 4170 beatitudine
1677 4090 1754 4170 srul
1774 4089 1874 4186 iubet.

118 4197 123 4204 ’
220 4192 322 4268 lnter
335 4187 404 4267 hos
418 4186 565 4288 globos,
590 4185 738 4264 sonante
752 4190 977 4266 Atomorum
1000 4184 1191 4264 libratione
1211 4189 1425 4291 congestos,
1456 4187 1640 4270 fortunam
1658 4191 1755 4296 quast
1768 4200 1871 4271 lnter-

219 4289 378 4371 mediam
391 4287 511 4368 statuit
525 4287 720 4391 Epicurus,
733 4291 757 4364 l.
773 4311 805 4363 e.
822 4284 1063 4370 neceffitatem
1079 4285 1258 4390 quandam
1274 4289 1447 4390 materie,
1462 4313 1612 4372 omnem
1625 4294 1804 4374 tationem
1817 4314 1873 4370 ex·

222 4391 443 4474 eludentem.
480 4391 527 4475 Et
540 4392 617 4469 haec
628 4385 1027 4491 quidem'absurdilsrma
1043 4413 1089 4468 ex
1102 4389 1388 4472 omnibusSeslls
1401 4389 1575 4473 sententia
1586 4395 1648 4490 ell,
1664 4395 1704 4484 dr
1720 4395 1874 4476 omnium

222 4494 441 4600 impiissima,
459 4515 541 4594 quat
553 4489 703 4595 quidem
718 4489 915 4570 subtilitatis
929 4488 1066 4592 aliquid
1079 4490 1212 4571 habere
1227 4493 1389 4592 videtur,
1403 4499 1444 4571 ln
1459 4492 1529 4573 illo
1543 4497 1767 4578 Atomorum
1780 4517 1875 4576 motu

1740 4698 1875 4784 ‘linita
