3876 5234
494 287 1084 434 s'mmmm
1245 357 1248 364 ¹
1420 371 1427 380 -
1638 349 1710 426 w

67 505 200 600 nitatis,
220 525 263 585 ut
278 505 326 584 illi
342 505 488 610 quidem
505 528 644 611 putant.
679 482 813 613 ‘Qod
833 508 1070 606 enitnajunt,
1100 507 1219 594 radios
1233 507 1353 588 ventis
1367 506 1502 586 debete
1516 503 1661 598 difflari,
1684 501 1709 584 li

65 610 164 687 ellent
177 631 345 712 corpotas
370 609 470 711 Resp.
487 611 544 688 vel
560 609 716 690 deficere
734 611 870 690 sensum
890 612 1004 690 nostri
1020 613 1113 690 visus
1129 613 1168 690 in
1185 635 1254 704 eo,
1275 611 1332 688 vel
1350 610 1492 702 obstate
1508 607 1708 712 pollionem

64 711 145 787 iliam
159 707 338 790 radiorum
354 712 585 800 continuam,
599 735 805 892 quanquam
821 714 878 792 iila
893 732 971 792 non
989 711 1029 791 stt
1043 715 1138 793 adeo
1153 712 1278 808 fortis,
1298 735 1340 790 ut
1355 713 1489 790 variato
1511 709 1634 788 medio
1647 733 1705 785 te·

63 809 294 914 fisterepoffit.
344 815 443 891 Hinc
458 814 642 909 videmus,
656 839 692 892 ra
720 816 786 906 ios,
801 839 868 917 per
882 839 1034 915 vapores
1048 813 1087 894 dt
1102 813 1302 896 craffiorent
1316 820 1434 891 a'e‘rem
1448 811 1631 903 cadentes,
1647 809 1705 887 in·
1832 812 1837 824 '

60 910 169 1013 iringi,
185 914 402 1016 probibente
417 913 599 994 transitum
613 913 713 994 illum
728 913 865 994 retium
880 915 1108 996 craffitudine
1120 924 1298 1004 materie,
1312 915 1418 994 unde'
1428 911 1615 1016 parallaxes
1630 917 1706 988 ori-

2 1099 7 1109 ·
61 1035 169 1092 untur.
204 1013 382 1094 Videmus
398 1016 437 1093 id
450 1040 601 1118 quoque
616 1023 656 1094 in
672 1017 783 1111 vitro,
799 1015 932 1096 rededi
947 1017 1081 1118 radios,
1094 1041 1136 1098 ut
1149 1023 1299 1098 tandem
1313 1017 1352 1094 in
1366 1035 1533 1094 centrum
1548 1037 1706 1090 concur-

2 1164 3 1170 κ
60 1137 147 1202 rant,
163 1115 227 1218 qui
240 1141 307 1218 pet
321 1123 437 1202 a'e'rem
452 1117 604 1222 paralleli
620 1117 778 1214 ivill'ent,
792 1141 839 1199 ex
853 1144 932 1221 quo
946 1117 1212 1200 substantialitas
1227 1119 1428 1212 radiorum,
1441 1137 1483 1194 ut
1497 1138 1609 1220 puto,
1625 1112 1706 1192 satis

61 1215 282 1296 demotdlaari
296 1220 425 1322 potest.
479 1219 592 1300 Venti
607 1221 725 1315 eninr,
744 1220 859 1321 quiin
872 1217 994 1300 infima
1006 1227 1099 1302 a’e'ris
1113 1222 1263 1325 regione
1279 1220 1494 1324 plerumque
1510 1215 1704 1314 versantur,

61 1341 128 1393 non
142 1317 288 1420 poliunt
306 1320 471 1398 inhibere
485 1328 562 1400 vim
584 1342 691 1402 tantae
706 1319 898 1439 pullionis,
921 1347 1002 1425 quoe
1022 1325 1114 1403 uitta
1133 1325 1226 1402 hanc
1250 1320 1398 1402 atitmos
1414 1321 1542 1398 heram
1567 1320 1605 1396 in
1620 1315 1706 1406 Sole
1772 1321 1782 1343 ²
1890 1396 1892 1410 ,
1932 1347 1933 1400 ;

60 1413 287 1520 potentiffitira
308 1423 379 1510 est,
401 1447 447 1502 ex
468 1448 547 1525 quo
568 1421 750 1526 aequaliter
764 1449 867 1502 omm
886 1447 932 1504 ex
951 1425 1314 1530 partepropelluntur
1334 1449 1371 1502 ra
1399 1422 1432 1498 ii.
1484 1421 1704 1525 Qtanquant

61 1541 168 1634 tamen
185 1545 309 1625 neque
323 1524 448 1604 dicere
461 1549 530 1603 nos
545 1525 734 1628 polimus,
753 1551 879 1606 annon
893 1526 933 1606 in
946 1551 989 1606 ea
1009 1528 1179 1630 regione,
1199 1527 1239 1606 in
1255 1552 1325 1630 qua
1340 1522 1442 1603 venti
1454 1522 1704 1618 dominantur,

60 1621 246 1702 rnliedlatur
261 1625 318 1704 ille
332 1625 516 1706 radiorum
531 1628 653 1706 cursus
669 1631 809 1714 reclus,
823 1651 918 1730 quos
959 1628 1112 1725 rojicere
1127 1630 1166 1708 in
1185 1629 1273 1708 alios
1286 1627 1390 1706 locos
1407 1624 1507 1703 venti
1524 1646 1601 1702 non
1616 1643 1705 1725 pos-

60 1720 145 1816 sunt,
166 1751 251 1804 cum
267 1728 406 1828 aequalis
423 1726 463 1804 fit
476 1729 563 1808 lucis
587 1727 835 1818 circumfuso,
857 1728 913 1824 &‚
932 1653 1043 1809 lculi
1067 1731 1153 1812 radii
1172 1731 1305 1810 alicubi
1318 1726 1512 1828 intercepti
1534 1723 1638 1811 sunt,
1653 1719 1704 1798 illi

60 1847 99 1899 ne
112 1825 190 1941 pelli
206 1825 294 1906 loco
307 1829 461 1932 poffint,
481 1832 599 1909 obstat
612 1829 817 1910 universalis
836 1829 890 1910 illa
905 1831 944 1909 dt
969 1831 1139 1912 constans
1154 1833 1278 1936 pulsio
1359 1829 1475 1936 Quod
1487 1851 1552 1930 per
1568 1826 1704 1904 vitrum

60 1923 132 2004 radii
145 1927 290 2008 tranfire
306 1929 457 2032 poffint,
480 1931 626 2010 nonest
647 1955 897 2036 argumentum
913 1957 1042 2014 eorum
1054 1934 1357 2016 accidentalitatis.
1435 1929 1587 2008 Nullum
1602 1927 1702 2004 enirn
1744 1953 1750 1962 ·

60 2027 245 2140 estvitrum
258 2054 329 2108 tarn
345 2033 596 2136 compedium,
633 2055 675 2114 ut
715 2059 803 2113 oros
823 2059 901 2113 non
916 2035 1063 2131 habeat,
1102 2036 1277 2138 quicquid
1291 2034 1398 2112 etiam
1412 2051 1523 2134 neget
1536 2025 1704 2114 Voffius;

60 2127 129 2210 ittet
142 2131 192 2208 illl
207 2131 364 2212 craffiori
386 2133 456 2226 ae'ti
471 2133 569 2214 forte
589 2159 669 2212 non
683 2061 750 2214 lint
767 2137 1022 2238 penetrabiles,
1045 2135 1118 2216 luci
1132 2159 1254 2216 tamen
1277 2161 1356 2213 non
1378 2131 1560 2212 obfistent.
1618 2131 1701 2206 ltno

59 2233 296 2334 experimento
317 2237 600 2315 demonstratum
614 2237 687 2330 est,
702 2333 705 2340 ⁴
719 2245 828 2314 etiarn
847 2239 1008 2340 liquores
1029 2238 1168 2340 aliquos
1188 2235 1411 2317 transsudare
1434 2242 1569 2312 vitrum
1584 2226 1700 2332 polle,

58 2351 91 2409 ut
103 2335 218 2436 aliquo
234 2339 375 2414 inloto
390 2337 554 2415 observat
570 2339 786 2416 Borrichius.
848 2338 963 2442 Quod
979 2345 1018 2416 in
1031 2338 1175 2418 instanti
1189 2333 1529 2427 moveantur'radii,
1551 2355 1629 2410 non
1643 2331 1700 2408 est

61 2458 195 2538 quoque
209 2439 256 2514 ad
278 2457 482 2538 argumenta
498 2439 791 2518 accidentalitatis
812 2441 1064 2532 referenduma
1097 2465 1174 2518 non
1190 2440 1287 2517 enim
1303 2455 1415 2538 puto,
1450 2433 1586 2513 sensum
1603 2430 1700 2510 visus

58 2535 259 2640 adaquatum
278 2541 346 2616 eli‘e
360 2541 533 2636 motionis
548 2539 674 2620 lucidae
689 2542 903 2628 mensuram,
920 2549 980 2621 cui
996 2565 1197 2644 quanquam
1213 2541 1252 2620 in
1266 2540 1411 2620 instanti
1426 2534 1566 2615 moveri
1580 2533 1700 2611 videa-

58 2656 120 2730 tur,
133 2662 252 2719 tamen
269 2641 340 2718 falli
354 2644 413 2720 ille
428 2644 566 2745 potest,
591 2640 628 2719 ἃ
644 2647 680 2720 in
696 2641 765 2746 ipsa
782 2643 835 2720 illa
851 2643 1031 2723 celeritate
1045 2663 1167 2724 tamen
1183 2639 1368 2722 succellrva
1384 2640 1499 2817 aliqua
1513 2642 1606 2714 ratio
1619 2659 1700 2712 mo·

58 2742 153 2818 vendi
169 2742 327 2848 concipi.
386 2749 510 2846 Atque
530 2743 568 2820 id
583 2745 702 2845 colligi
716 2745 873 2846 potede
892 2747 1107 2848 corporibus
1123 2743 1269 2844 lucidis,
1292 2767 1371 2821 non
1398 2740 1433 2838 ju
1466 2737 1701 2818 adistantita

59 2841 118 2920 visu
132 2843 257 2922 nostro
271 2845 439 2937 remotis,
465 2845 509 2922 ab
523 2846 566 2922 iis
579 2846 677 2922 enirn
693 2845 779 2923 radii
793 2845 941 2922 evibrati
957 2845 1104 2924 tandem
1119 2844 1313 2938 deficiunt,
1326 2865 1444 2944 usque
1458 2841 1549 2919 dunt
1564 2860 1700 2942 corpus

58 2941 155 3041 ipsum
170 2946 379 3044 lucidqmin
395 2946 600 3025 nebulosam
617 2949 770 3048 aliquam
785 2943 1009 3025 substantiam
1025 2953 1194 3024 converti
1210 2945 1380 3023 videatur.
1433 2944 1487 3020 Ex
1501 2967 1550 3019 eo
1564 2948 1699 3040 itaque,

36 3045 144 3143 quod
158 3047 355 3128 terminum
372 3049 476 3146 hujus
491 3069 614 3128 motus
627 3050 829 3141 videamus,
844 3049 1014 3149 colligere
1025 3049 1126 3142 licet,
1142 3072 1220 3126 non
1235 3045 1303 3123 esse
1319 3067 1461 3124 motum
1476 3065 1566 3145 pure
1582 3039 1699 3117 stmul-

58 3166 206 3243 taneum‚
229 3147 290 3229 scd
306 3149 548 3229 succeffivum.
623 3151 739 3269 Qud
753 3150 850 3227 enirn
867 3175 932 3254 per
945 3147 1075 3252 gradus
1096 3147 1271 3227 distindlae
1284 3147 1372 3224 lucis
1387 3143 1514 3222 vilioni
1527 3140 1698 3244 eripitur,
1799 3219 1803 3228 ,
1921 3157 1926 3172 ·

58 3269 111 3346 per
124 3251 259 3350 gradus
271 3274 412 3356 motum
429 3249 530 3369 fuiffe
543 3263 692 3356 concipi
709 3251 838 3355 potest
887 3251 945 3328 Ut
966 3251 1089 3368 itaque
1102 3250 1267 3367 graduale
1282 3248 1370 3326 illud
1385 3246 1697 3362 lucisincremen·

57 3367 120 3426 turn
135 3351 170 3428 st
184 3351 462 3470 decrementum
475 3353 576 3432 istam
592 3375 714 3432 motus
730 3349 985 3470 succeffionem
999 3350 1077 3430 saus
1091 3370 1276 3468 exprimat.
1333 3347 1462 3465 solnm
1474 3344 1562 3422 illud
1579 3339 1698 3422 Voilii

57 3474 291 3564 argumentum
306 3452 431 3532 subtile
445 3455 517 3542 est,
532 3453 570 3532 δι
585 3479 722 3556 niagnae
734 3451 972 3570 difficultatis,
984 3477 1071 3532 curn
1086 3476 1152 3542 att,
1167 3449 1377 3567 rmpqffibtle
1388 3447 1470 3548 effe,
1484 3467 1527 3564 ut
1542 3465 1698 3548 corpora
1754 3513 1758 3520 a

58 3549 211 3648 landus
227 3555 332 3672 vastis
349 3555 581 3658 corporibus,
596 3557 708 3658 spatio
723 3579 856 3660 magno
868 3553 1077 3678 anteqedo,
1097 3553 1302 3649 effluentia,
1315 3559 1355 3629 in
1370 3575 1448 3628 uno
1461 3547 1584 3649 aliquo
1599 3566 1698 3722 ptqtj

57 3649 1698 3876 sussuranensissustulissemus,slss:

55 3859 942 4042 llslti‘slls‘l‘absimilibus?
958 3857 1482 4064 lslls‘lrililirslsl,
1496 3845 1697 4055 lllqlsili

55 4021 279 4172 interor’nnes
292 4043 444 4142 mindne
457 3987 613 4142 alfordo
627 4063 728 4158 sunt,
742 4061 780 4140 bt
794 4062 855 4142 vix
868 3988 970 4144 aliallt
984 4065 1097 4162 viam,
1119 4059 1345 4151 durelina,
1367 4056 1467 4158 sequi
1481 4073 1697 4158 potuerunt,

56 4161 525 4283 }·1d.Joltliranc.·Grandis
543 4173 733 4265 Diffmatio
747 4165 893 4281 elegans
908 4170 947 4241 dc
959 4171 1085 4242 dt'airm
1097 4161 1343 4259 norniniiarſsali
1356 4159 1536 4234 attribuis.
1593 4154 1695 4270 Cum

56 4283 173 4366 nsque,
188 4266 474 4384 polivspttttaletn
486 4265 726 4353 substantiam,
741 4267 829 4343 nthrl
845 4265 934 4380 fitin
949 4289 1075 4370 natura
1088 4266 1324 4344 excellentius
1339 4262 1433 4380 luce,
1448 4281 1560 4336 netno
1573 4277 1695 4370 mirata

54 4361 171 4480 debet,
185 4393 264 4447 earn
278 4395 316 4447 tn
330 4388 403 4448 tarn
418 4369 552 4448 aretum
566 4369 689 4447 locum
702 4375 891 4472 compingi
906 4369 1025 4472 polle,
1040 4365 1387 4479 quodcertiliunum
1402 4360 1546 4440 summe
1559 4353 1695 4435 subuli-

54 4487 119 4544 taus
133 4491 382 4572 argmnentum
396 4471 460 4548 est.
517 4469 633 4574 Qtod
650 4469 673 4548 st
688 4467 805 4548 senius
820 4469 964 4548 nostros
979 4470 1040 4550 bic
1053 4471 1091 4548 in
1103 4469 1279 4566 judicium
1292 4465 1481 4562 ducimus,
1502 4479 1601 4537 certe
1612 4456 1695 4572 luc·

55 4569 212 4652 enubere
229 4571 283 4654 lili
301 4571 612 4676 tantaelsubtiliteti
634 4571 823 4669 videntur,
838 4571 991 4772 (qui)in
1007 4571 1165 4654 minimis
1178 4567 1476 4653 reticulatam
1496 4555 1696 4741 miffigffi

808 4695 814 4710 ·
907 4701 930 4756 u
973 4703 994 4770 3
1695 4739 1698 4746 .
