3894 5232
435 209 438 218 ,
658 212 661 219 ,
871 167 890 208 ¹l
1231 206 1237 216 .

258 411 260 414 Ι
417 315 498 418 Cap.
512 311 595 398 XII.
623 305 1042 418 DePrincipiithyſsoir
1057 308 1370 428 unisonantia·
1406 399 1416 412 ,
1643 259 1730 422 ‘aro

57 489 281 604 ''huncque
308 491 479 572 adornata
493 496 575 576 sunt
588 517 608 574 e
622 493 775 574 Daniele
787 487 950 574 Heinsio.
1008 490 1132 573 Edidit
1144 517 1233 572 vero
1248 519 1332 574 cum
1348 501 1577 574 memmio
1591 499 1727 584 multoe

81 596 261 694 ejus'libros
278 594 407 674 Daniel
422 595 610 692 Furlanus,
635 595 737 694 cujus
761 605 1055 702 commentarii-ex
1078 594 1300 676 Bibliotheca
1309 598 1346 694 J.
1362 587 1471 690 Vinc.
1488 601 1614 680 Pinelli
1637 629 1726 708 pro.

80 699 218 777 dierunt
293 699 337 776 ln
356 697 454 774 libros
479 698 555 796 eius'
569 701 608 774 de
619 699 758 796 somniis
781 701 820 778 ti
830 703 958 802 plantis
980 693 1120 801 seorhm
1134 717 1232 778 extat
1245 699 1460 780 Comment,
1475 701 1559 798 Julii
1573 701 1722 804 Caiatia

79 801 256 903 scaligeri·
313 799 489 879 Ceterum
513 825 678 904 magnam
700 798 1042 902 librorumcopiam
1065 799 1198 900 scripht
1212 805 1333 880 Autor
1346 801 1423 884 iste.
1498 806 1666 908 Suntque
1679 817 1722 890 ln

78 899 261 981 Aristotelis
274 901 460 1007 Operibus
480 903 585 982 multi
601 901 701 994 libri,
726 903 790 1004 qui
806 901 891 980 huic
906 901 1167 1003 Theophrasto
1191 902 1340 996 adscribi
1361 902 1487 984 solent.
1563 907 1622 989 De
1644 911 1721 1010 ejus

76 1007 155 1080 l'lris
175 1003 348 1108 integrum
362 1010 620 1104 Diffcrtmionem
642 1001 849 1106 conscripht
862 1002 1049 1100 Johannes
1063 1003 1255 1090 Meuthus,
1284 1031 1355 1108 qua
1376 1030 1421 1083 ex
1435 1007 1635 1092 Antoribus
1657 1039 1722 1093 ve·

76 1105 193 1186 teribus
209 1105 356 1210 collegit
369 1114 510 1186 tansum
531 1105 656 1184 ‘titulos
671 1105 863 1198 librorum,
889 1131 986 1210 quos
999 1105 1275 1210 Theophrastus
1297 1106 1440 1212 scripsit
1516 1114 1722 1212 Librosejus

76 1209 265 1284 dodorim
284 1207 381 1288 notis
397 1207 467 1286 suis
488 1208 588 1311 auxit
600 1207 686 1285 Adr.
701 1209 910 1290 Turnebus'.
985 1209 1044 1286 De
1067 1207 1417 1318 ceteris-Aristotelis
1439 1211 1721 1316 Interpretibus,

76 1334 135 1390 um
152 1309 352 1402 veteribus,
377 1337 487 1413 quam
508 1311 793 1406 recentioribus,
819 1311 829 1387 l
877 1331 983 1390 antur
1002 1310 1103 1409 libri,
1117 1335 1222 1412 quos
1243 1309 1344 1416 supra
1365 1309 1599 1396 laudavimus.
1676 1324 1721 1400 ln

76 1411 209 1515 Physicis
226 1437 317 1492 vero
333 1413 504 1492 omnihus
518 1411 612 1512 aliis,
628 1414 691 1518 qui
706 1414 781 1510 eius
797 1411 847 1494 do
884 1412 997 1491 rinam
1013 1415 1229 1514 sequuntur,
1252 1437 1431 1594 praepono
1452 1413 1636 1500 Honorati
1653 1423 1722 1526 Fa·

75 1511 118 1592 bri
131 1523 247 1620 Opera,
269 1515 340 1618 qui
354 1515 587 1594 Aristotelem
602 1542 649 1594 ex
663 1515 741 1620 ipso
756 1515 863 1598 fonte
883 1522 1141 1619 interpretatur
1163 1513 1313 1618 ejusque
1355 1515 1614 1622 hilosophiarn,
1639 1547 1721 1604 non

75 1643 110 1694 ex
125 1617 342 1698 verhonibus
357 1617 534 1710 Arabum,
548 1615 605 1694 vel
619 1619 854 1708 munorum,
887 1615 947 1696 sed
962 1642 1007 1695 ex
1023 1615 1102 1720 ipso
1119 1614 1194 1712 ejus
1211 1639 1335 1711 textu,
1360 1619 1547 1722 proponit.
1599 1625 1722 1732 Qrarn

75 1719 150 1799 adeo
164 1719 364 1838 discrepare
378 1727 474 1798 inter
488 1719 523 1798 se
536 1719 822 1801 neminimirum
838 1717 907 1797 elie
919 1717 1043 1820 debet,
1060 1715 1234 1821 srquidem
1248 1743 1294 1798 ex
1308 1721 1453 1802 historia
1468 1721 1722 1829 observaverit,

74 1847 162 1926 quam
176 1823 256 1902 sero
274 1848 314 1902 tn
330 1819 451 1903 lucem
468 1819 652 1926 prouida
664 1821 802 1904 suerint
816 1819 1017 1904 Aristotelis
1032 1819 1179 1924 scripta,
1204 1845 1314 1924 quarn
1329 1821 1501 1926 segniter,
1515 1851 1623 1927 quam
1639 1828 1722 1910 infi-

75 1949 151 2020 cere,
163 1951 275 2030 quam
289 1923 448 2016 barbare,
464 1919 639 2023 conversa
650 1923 789 2005 suerint
802 1951 822 2005 a
837 1923 1040 2016 Monachis,
1054 1920 1183 2024 lingua
1191 1923 1327 2004 Graecae
1340 1923 1522 2004 &Latina
1534 1931 1723 2034 imperitis.

75 2029 163 2132 Quis
177 2051 304 2108 tamen
320 2025 528 2106 Scholastici
543 2024 685 2129 sequuti
700 2023 800 2120 sunt,
820 2026 885 2132 qui
898 2023 1053 2104 sublesto
1065 2023 1308 2105 fundamento
1322 2025 1603 2130 superstruemus
1622 2031 1722 2113 firma

74 2150 353 2234 nonpotuerunt
366 2127 662 2232 superimponere
676 2127 833 2231 fastigia,
863 2153 949 2208 cum
970 2126 1069 2206 aliter
1085 2125 1201 2206 sensus
1215 2151 1410 2230 caperent,
1442 2154 1549 2230 quam
1570 2131 1723 2232 sentiret

11 2229 12 2236 ‘
74 2231 294 2322 Aristoteles,
324 2257 370 2308 ex
393 2229 514 2308 alieno
535 2229 636 2310 sensu
650 2254 739 2308 vero
755 2231 892 2308 diversa
912 2227 1093 2308 orirentur
1114 2227 1274 2307 absurda.
1364 2229 1440 2329 Sic,
1464 2233 1723 2318 accedentibus

74 2331 265 2416 monstrosis
283 2331 349 2410 illis
369 2330 572 2424 sententiis,
614 2355 678 2409 uas
700 2329 762 2433 ipsr
779 2328 1049 2446 excogitarunt,
1064 2325 1102 2412 &
1117 2327 1397 2416 iuAristotclem
1411 2330 1721 2442 intulerantrnun

73 2457 262 2540 potueruut
276 2435 363 2516 hinc
377 2432 442 2516 nisi
457 2432 568 2518 multa
581 2353 729 2550 ilrsutda
742 2429 924 2544 consequi.
1054 2555 1060 2574 ἢ
1132 2439 1135 2448 “
1217 2446 1220 2452 ’

166 2661 241 2742 Sed
260 2656 414 2746 fortassis
433 2682 555 2763 operte
574 2664 734 2766 pretium
755 2655 885 2748 fuerit,
910 2657 959 2738 illi
980 2659 1034 2738 rei
1054 2657 1313 2764 aliquantulum
1334 2659 1524 2752 inhalare.
1548 2683 1591 2744 ut
1602 2671 1722 2770 pateat
1756 2699 1785 2770 ς

73 2763 208 2842 ortus&
228 2788 300 2868 pro
363 2763 431 2846 isus
452 2763 550 2842 istius
565 2763 806 2866 Philosophia
821 2761 1065 2857 Scholastica,
1087 2787 1168 2864 qua·
1189 2765 1273 2841 crim
1288 2764 1397 2865 vulgo
1412 2765 1645 2870 Peripatetico
1662 2770 1723 2849 ha·
1770 2813 1790 2822 -
1813 2837 1815 2844 ,

72 2859 200 2960 beatur,
227 2865 307 2946 nihi
320 2865 544 2961 ominusest
597 2888 678 2940 uam
704 2863 940 2964 Peripatetico
970 2861 1081 2966 saepe,
1106 2861 1166 2940 sed
1181 2862 1291 2966 longe
1317 2865 1354 2942 in
1370 2865 1522 2946 diversas
1538 2869 1610 2948 vias
1637 2869 1720 2950 abit.

72 2962 140 3058 Ejus
157 2975 211 3048 rei
235 2967 363 3046 testem
377 2966 562 3071 possumus
570 2889 649 3042 ide
664 2963 816 3068 dignum
832 2962 1008 3068 appellare
1022 2969 1245 3044 Rouanvn
1259 2967 1532 3076 Bncornvm,¹
1547 2969 1612 3072 qui
1624 2978 1722 3052 circa

72 3089 191 3148 annum
212 3069 355 3148 Christi
374 3091 498 3164 1270,
518 3067 630 3153 vixit,
661 3065 699 3144 br
718 3065 757 3142 in
780 3065 892 3143 MStis
913 3064 1011 3144 libris
1034 3069 1214 3169 Comprndii
1226 3069 1334 3141 Studia·
1355 3071 1537 3170 Theologio,
1566 3071 1605 3148 in
1627 3079 1722 3148 liirir

71 3174 274 3249 Communium
288 3177 505 3258 naturalium,
528 3183 564 3248 in
622 3173 711 3263 istola
724 3171 772 3274 aas
784 3173 968 3244 Clerrrentcm
983 3175 1038 3243 lV.
1054 3175 1102 3242 Pa
1124 3197 1196 3257 nm,
1223 3166 1423 3273 &inopere
1439 3173 1479 3246 dt
1496 3179 1640 3258 utilitate
1653 3181 1719 3250 Sci·

70 3285 239 3366 mimnm,
264 3273 418 3378 aliquam
433 3270 603 3373 Philosop
632 3270 671 3346 'ae
693 3269 846 3348 istorum
867 3288 1076 3374 tempotum
1088 3193 1272 3347 §storiam
1294 3255 1465 3349 recenset.
1542 3273 1595 3352 Hi
1610 3273 1722 3354 libelli

70 3371 100 3448 in
113 3376 337 3454 Bibliotheca
355 3372 556 3453 oxoniensi
581 3371 814 3462 asservantur,
846 3397 865 3448 a
887 3371 967 3450 vito
988 3371 1051 3448 illo
1065 3369 1281 3488 conscripti,
1306 3372 1370 3551 qqi
1386 3373 1450 3452 suo
1470 3393 1656 3480 ternpore,
1679 3378 1721 3456 in

70 3471 130 3574 ipsa
152 3479 207 3557 illa
232 3473 427 3556 craffishma
449 3473 629 3574 barbarie,
654 3471 811 3566 summus
838 3471 908 3552 suit
931 3497 1050 3552 rerum
1076 3476 1287 3551 naturalium
1373 3477 1723 3576 Mathematicarum,

70 3571 133 3656 imo
147 3580 317 3660 omnium
357 3601 426 3656 ene
442 3577 720 3680 disciplinarum,
735 3571 887 3672 duilon,
913 3594 954 3653 ut
972 3573 1156 3675 hodieque
1169 3575 1207 3652 in
1221 3573 1373 3678 Physicis
1387 3576 1424 3653 ἃ
1444 3581 1721 3681 Mathematicis‚
1831 3623 1832 3633 t

70 3699 132 3778 pra
151 3683 293 3787 lynceis
307 3603 373 3768 illia
393 3678 679 3769 recentioribus,
717 3676 871 3780 palmam
886 3673 998 3764 ferat,
1020 3675 1157 3780 quippe
1170 3676 1234 3779 qui
1248 3678 1303 3754 illa
1319 3677 1481 3772 sciverit,
1502 3680 1557 3760 illa
1572 3682 1722 3763 inventa
1812 3755 1817 3765 ,

68 3779 128 3874 itm
142 3809 223 3866 turn
237 3779 484 3889 possederit&
497 3779 710 3881 excogitarit
725 3777 817 3881 ipse,
833 3801 913 3879 quae
928 3774 991 3854 suo
1004 3797 1192 3879 tempore,
1214 3778 1265 3856 ob
1278 3779 1513 3882 ignorantiam
1529 3783 1723 3866 humanam

67 3903 129 3983 pro
143 3886 293 3990 Magicis
312 3884 555 3981 habebantur,
582 3881 703 3960 nostra
718 3904 807 3956 veto
829 3899 932 3956 aetate
948 3876 1005 3953 vel
1021 3877 1177 3980 primum
1198 3879 1346 3959 inventa
1359 3880 1458 3982 sunt,
1484 3883 1722 3989 &magnoin

67 3989 179 4085 pretio
195 3989 394 4079 habentur,
416 3985 474 4062 vel
496 3985 593 4062 inter
605 3980 798 4062 desiderata
812 3979 931 4058 adhuc
948 4003 1186 4082 reponuntur.
1261 3986 1303 4059 ln
1321 3989 1501 4087 conpendio
1513 3987 1579 4084 fiio
1599 3994 1721 4064 Tmolo·

60 4091 299 4185 glaessacunus
313 4087 380 4166 ait:
420 4089 526 4162 Tarde
546 4097 634 4160 vonit
658 4090 704 4158 nli
755 4085 786 4156 'd
796 4085 938 4156 dePbilo
954 4083 1045 4182 aphia
1059 4088 1290 4180 Aristotelisin
1311 4085 1398 4182 uſsum
1413 4093 1619 4180 Latinorum,
1643 4101 1722 4196 quin

67 4200 223 4266 naturalis
234 4189 434 4291 Philosophia
449 4199 516 4286 ejus
535 4187 574 4264 si
589 4194 699 4288 Merop
710 4191 822 4281 ysico,
848 4187 886 4262 si
905 4189 1139 4260 Commentario
1154 4195 1318 4278 Auerroir‚
1345 4189 1384 4266 ὅ
1400 4195 1552 4283 oliorum,
1575 4195 1628 4270 hir
1642 4217 1720 4268 tom·

62 4295 187 4391 poribus
208 4295 322 4390 nostris
342 4295 506 4386 translata
521 4287 623 4385 fiant,
649 4289 688 4365 ὅ
703 4293 836 4381 Parisiis
857 4285 1204 4360 excommunicabantur
1226 4317 1306 4361 anno
1319 4295 1452 4364 Domini
1474 4321 1533 4389 ¹²5
1541 4321 1567 4378 7.
1584 4315 1719 4398 propter
1770 4359 1774 4364 .

68 4408 273 4470 eternitatem
296 4394 409 4468 mimir
422 4391 461 4472 {s
485 4401 663 4492 temporis,
680 4389 720 4465 {5
731 4409 862 4490 propter
882 4387 998 4460 librum
1013 4388 1051 4460 dt
1067 4395 1274 4462 Divinatione
1283 4389 1497 4486 summorum,
1523 4406 1579 4498 qui
1594 4399 1635 4490 ost
1651 4417 1719 4472 ttr-

68 4505 128 4568 tr'us
144 4501 183 4573 dt
191 4491 302 4596 spolils
316 4497 355 4574 ὅ
367 4498 507 4594 vigilia,
527 4493 566 4574 ss
572 4513 707 4594 proptor
722 4496 823 4564 notua
836 4517 966 4563 erroneo
980 4493 1151 4564 translato.
1211 4491 1254 4568 ln
1268 4493 1348 4566 libro
1360 4495 1398 4568 tle
1412 4499 1556 4570 utilitato
1567 4501 1721 4572 Scicntr'a·

68 4623 155 4674 rum:
209 4605 281 4675 Una
294 4601 353 4696 cst,
379 4591 500 4708 lnquit
523 4591 647 4695 (cause
660 4589 730 4674 scil·
747 4587 1032 4792 imperfeqlssloqis
1047 4593 1088 4668 in
1104 4587 1374 4700 Philosophiu,)
1399 4609 1476 4703 quin
1491 4604 1592 4704 Opere
1605 4603 1722 4694 Aristo·

939 4715 987 4768 *e
1022 4715 1042 4768 2

1653 4707 1728 4796 niu
