3964 5218
220 235 347 388 ‘40r
406 229 462 323 s
525 383 531 404 Ι
637 282 655 376 j
733 247 1211 408 staturianum.
1229 245 1277 354 ri
1294 207 1458 358 aaran
1509 253 1516 318 ⁷
1570 219 1613 348 f
1703 377 1719 394 ν
1814 339 1821 352 ,
1946 303 1947 350 .

32 461 33 514 l
163 435 169 447 ¹
214 445 217 460 '
258 475 402 534 nnatura
417 451 589 554 purioris,
604 447 753 533 misceri.
803 447 841 526 st
858 471 1033 547 aquarum
1054 445 1204 552 vestigia
1222 447 1260 526 in
1274 443 1526 550 crystallorum
1554 444 1776 533 incunabulis
1791 447 1915 525 invenit

260 549 482 651 'Stenoniua
504 577 581 628 non
594 551 753 651 sequitur
773 571 906 648 tamen,
931 548 1017 626 inde
1041 545 1143 626 suisse
1164 547 1364 650 produdlas
1384 547 1579 650 crystallus.
1631 548 1734 624 Nam
1787 572 1915 626 oretant

219 670 224 756 j
251 715 253 722 κ
278 679 384 755 aquae
398 652 656 732 vehiculorum
669 653 750 727 vice
764 649 828 728 sun
859 651 882 748 i,
904 673 989 749 quae
1007 651 1173 726 materias
1186 647 1316 726 eatum'
1329 647 1579 725 constitutivas
1592 647 1637 724 ad
1652 650 1731 724 loca
1745 649 1756 746 Ἰ
1816 648 1915 724 defer·

138 781 146 808 ·’
224 850 227 858 ,
276 777 371 854 rent,
388 775 490 830 extra
503 773 624 828 autem
639 775 776 854 corpus
792 674 910 853 ipdum
925 749 1170 827 consistebant.
1222 749 1324 826 Tum
1344 749 1384 829 δι
1397 749 1453 826 illa
1468 745 1620 849 assertio,
1638 747 1916 851 crystallospolle

241 853 243 859 ’
276 881 348 960 per
366 856 550 954 liquorem
562 849 667 950 solvi,
682 853 767 950 quia
781 873 828 928 ex
843 851 986 951 liquore
1000 847 1301 953 produsbesunt,
1318 847 1521 926 admodum
1533 851 1670 926 incerta
1683 847 1745 949 est,
1760 875 1844 926 cum
1855 875 1916 926 non

279 981 329 1061 pe
378 976 504 1029 eruum
520 948 583 1050 fit,
615 975 661 1027 ex
675 949 899 1028 solventibus
912 975 990 1026 rem
1007 951 1161 1049 aliquam
1180 948 1248 1025 else
1267 948 1499 1053 prodostam,
1525 949 1563 1027 ἃ
1579 975 1664 1026 ‘non
1681 946 1915 1050 s'atis‘cerrum,
1947 974 1948 1018 l

279 1079 347 1157 cry
411 1055 468 1131 los
482 1050 574 1130 solvi
594 1049 707 1154 posse.
737 1048 965 1133 'Necessario
981 1053 1101 1149 itaque
1120 1053 1266 1130 materia
1283 1050 1446 1152 lapidum
1464 1050 1571 1128 nobis
1591 1049 1807 1153 reponenda
1825 1047 1916 1148 estin

193 1248 197 1256 Υ
277 1155 386 1234 succo
405 1155 528 1254 aliquo
544 1150 725 1254 specifico,
740 1150 779 1228 ἃ
797 1175 865 1252 per
884 1173 1047 1227 naturam
1063 1153 1109 1226 ita
1126 1165 1343 1267 praeparato.
1394 1149 1513 1253 Qud
1536 1173 1641 1227 certo
1660 1164 1749 1228 cum
1771 1149 1916 1248 dicimus,

271 1253 450 1361 *profiteri
467 1279 546 1331 non
561 1251 814 1350 erubescimus,
828 1277 904 1327 non
917 1249 1112 1327 satissacere
1127 1249 1223 1326 illam
1236 1253 1418 1329 rationem
1431 1248 1580 1328 curiosis
1598 1251 1772 1355 ingeniis3
1796 1251 1853 1327 sed
1868 1251 1886 1325 s
1909 1293 1918 1306 ·

124 1383 127 1390 ·
231 1356 238 1394 ¹
281 1355 400 1434 vanda
418 1354 476 1431 illa
490 1353 553 1453 ell,
567 1377 683 1452 usque
698 1352 789 1428 dum
805 1345 996 1428 meliorem
1011 1351 1168 1437 doceant
1182 1351 1249 1426 alii.
1300 1351 1401 1427 Nam
1417 1375 1462 1428 ex
1476 1350 1731 1428 subtilitatibus
1751 1353 1829 1451 illis,
1846 1375 1914 1450 quas
1947 1369 1948 1392 ¹

280 1455 608 1560 affertsstenonius,
622 1475 705 1531 utut
729 1450 808 1530 satis
823 1475 962 1556 arguta
985 1449 1066 1555 srnt,
1099 1452 1408 1530 &mathematico
1434 1452 1540 1556 plane
1571 1451 1702 1528 ordine
1727 1452 1915 1556 procedant,
1947 1449 1948 1464 '

282 1555 453 1651 nondum
467 1579 590 1633 tamen
603 1575 661 1630 res
681 1549 847 1630 confecta
861 1547 922 1629 est.
973 1553 1196 1656 Quanquam
1210 1549 1247 1628 id
1263 1551 1418 1654 libenter
1429 1549 1693 1654 concedamus,
1713 1555 1807 1630 inter
1822 1555 1915 1656 prima

278 1656 445 1762 lapidum
462 1657 640 1737 elementa
656 1679 759 1754 aquae
779 1651 847 1730 elle
862 1654 974 1755 praeci
1004 1675 1086 1728 uam
1101 1673 1255 1754 partem,
1268 1651 1441 1750 sed,'curn
1457 1652 1501 1728 'in
1521 1675 1649 1730 natura
1665 1651 1839 1731 mistionis
1847 1651 1915 1728 mul·

281 1783 317 1840 ta
333 1754 538 1855 consrllant,
550 1755 635 1831 ideo
650 1775 813 1857 oportet,
827 1775 874 1830 ex
892 1751 957 1828 soli
985 1743 1015 1842 ὀ,
1027 1753 1149 1851 aliquo
1172 1753 1368 1858 principio,
1385 1753 1423 1832 dt
1438 1775 1484 1829 ex
1501 1773 1604 1868 aqua,
1615 1754 1740 1854 primo
1757 1757 1914 1831 materian

284 1858 416 1938 mediae
434 1873 583 1954 naturae',
602 1852 710 1932 instar
726 1852 819 1932 succi
833 1849 900 1930 elie
915 1847 1140 1953 inspilsatam,
1155 1871 1238 1949 quae
1254 1849 1377 1954 postea
1391 1857 1428 1960 in
1442 1851 1571 1955 lapidas
1584 1853 1757 1930 duritiem
1767 1853 1858 1956 abiit,
1867 1853 1914 1928 hu·

285 1983 391 2038 more
406 1954 537 2046 atstius
553 1981 635 2032 cum
657 1953 840 2059 particulis
853 1955 1004 2032 arcuatis
1018 1955 1132 2028 unito.
1184 1951 1356 2052 Aliquam
1371 1953 1470 2029 certe
1483 1951 1602 2029 ideam
1616 1955 1694 2032 talis
1711 1953 1875 2031 mistionis
1888 1957 1914 2028 in

280 2058 461 2164 operibus
494 2057 656 2162 gypsaris
686 2051 964 2156 deprehendere
973 2049 1181 2227 possumus,
1202 2075 1285 2151 quae
1307 2051 1379 2129 sola
1397 2050 1503 2130 eflusa
1516 2075 1614 2154 aqua,
1639 2055 1678 2132 in
1696 2053 1860 2132 duritiem
1874 2055 1914 2128 ali·

287 2185 398 2264 quam
412 2158 557 2257 abeunt,
575 2166 653 2232 non
672 2179 791 2250 tamen
804 2153 884 2231 satis
898 2165 969 2230 con
1002 2155 1321 2252 antem,quoaiam
1335 2150 1430 2250 abest
1449 2151 1628 2232 viscositas
1643 2156 1711 2254 illa,
1729 2182 1810 2255 quac
1825 2156 1914 2256 magis

287 2262 453 2341 continet
466 2280 596 2360 partes.
646 2255 759 2332 Unde
772 2253 951 2353 videmus,
969 2279 1051 2330 curu
1073 2253 1158 2330 oleo
1174 2251 1349 2348 imbuitur
1367 2251 1428 2330 illa
1446 2257 1612 2354 materia,
1644 2257 1704 2331 vel
1729 2281 1819 2355 aqua
1857 2255 1914 2328 luti·
1948 2277 1949 2354 }

289 2360 388 2460 nosa,
410 2383 489 2438 eam
506 2356 677 2436 duritiem
696 2355 876 2455 lapideam
889 2361 1085 2453 acquirere.
1135 2355 1177 2430 ln
1194 2357 1323 2430 ceretis
1338 2375 1430 2432 vero
1451 2353 1629 2458 lapidibus
1652 2355 1801 2434 durities
1821 2281 1869 2431 ‘lb
1889 2357 1914 2432 d

241 2457 243 2464 ’
289 2462 470 2558 tenacitaS,
492 2482 570 2532 non
583 2458 627 2531 ab
646 2469 737 2556 aqua
754 2453 837 2552 sola,
854 2478 931 2530 non
947 2478 967 2528 a
982 2453 1164 2558 particulis
1179 2456 1317 2554 terreis,
1332 2451 1393 2530 sed
1410 2479 1429 2554 a
1444 2453 1598 2552 quadam
1613 2453 1811 2534 viscositate
1827 2456 1913 2548 ell‚in

290 2585 401 2661 quam
418 2559 552 2654 multis,
570 2557 629 2631 vel
644 2549 949 2652 circulationibus,
963 2554 1023 2630 vel
1034 2554 1108 2638 aliis
1118 2549 1279 2630 ¹misturis
1295 2554 1401 2631 nobis
1417 2557 1627 2658 incognitis,
1637 2581 1767 2656 aquam
1785 2556 1915 2636 illamna·

275 2651 372 2741 ¹tur'a
391 2652 596 2762 inspissavit,
609 2655 668 2731 vel
684 2655 801 2731 multo
822 2654 909 2730 tritu
926 2653 1115 2755 particulas
1136 2651 1253 2756 magis
1269 2645 1319 2731 illi
1342 2656 1490 2752 uniens,
1517 2656 1578 2731 vel
1594 2659 1746 2736 tertium
1766 2655 1860 2735 eriam
1874 2655 1915 2730 ali·

118 2845 124 2854 ,
275 2755 395 2864 'quod
410 2751 595 2842 undaosae
613 2751 760 2856 naturae,
777 2755 884 2831 nobis
902 2755 1128 2858 incogitum,
1136 2751 1185 2827 illi
1199 2752 1345 2855 addens.
1400 2757 1464 2832 -Ut
1486 2759 1606 2854 itaque
1622 2781 1668 2834 ex
1695 2783 1743 2834 eo
1766 2753 1914 2861 appareat,

158 2943 160 2950 χ
179 2877 183 2884 ’
292 2845 1360 2965 nihilverosimiliusdici,quam's1succumlapidescentem
1383 2857 1593 2958 proximam
1614 2858 1745 2960 lapidis
1763 2861 1915 2935 materian

275 2964 470 3062 sacimas.
512 2955 707 3034 Proceslus
724 2953 799 3054 iste,
814 2953 1009 3056 quomodo
1024 2954 1279 3030 verolrmiliter
1300 2953 1423 3033 succus
1444 2957 1500 3031 ille
1547 2957 1746 3036 roducatur
1767 2985 1785 3036 a
1810 2980 1915 3049 namra,
1949 3000 1950 3037 r

218 3101 222 3110 ·
294 3065 372 3142 sitis
390 3056 577 3166 ingeniose
591 3056 867 3138 describiturab
885 3054 1031 3130 Honor.
1046 3051 1153 3128 Fabri
1167 3071 1211 3126 rr.
1226 3076 1254 3138 7.
1270 3077 1361 3160 prop.
1375 3081 1403 3140 7.
1430 3059 1494 3154 qui
1513 2982 1604 3132 grin
1618 3063 1915 3138 eetesifflriorum
1949 3053 1950 3090 r

292 3163 468 3271 lapidum,
482 3131 748 3255 communium,
769 3177 809 3230 ut
823 3177 1062 3252 marmorum,
1078 3151 1207 3254 lapidis
1225 3155 1255 3228 L
1285 3156 1347 3255 dli,
1368 3155 1521 3256 filicum,
1534 3153 1638 3260 cotis,
1654 3155 1915 3262 planiciatoplri,
1949 3249 1950 3258 ἵ

278 3264 470 3344 calcalia
486 3270 647 3364 corpore
660 3255 838 3360 humano,
860 3277 1042 3336 texturam
1056 3253 1242 3362 magnoin
1271 3255 1375 3338 usltia
1393 3257 1559 3365 explieat.

235 3470 255 3546 5
381 3456 500 3567 Qud
514 3454 714 3560 petrilicata
734 3481 894 3561 corpora
909 3457 1048 3553 attinet,
1062 3477 1203 3536 certum
1229 3456 1291 3558 est,
1327 3457 1396 3540 elle
1425 3461 1607 3560 quosdam
1622 3429 1759 3560 fontes,
1778 3461 1837 3560 qui
1850 3457 1877 3531 la
1899 3455 1915 3526 i·

175 3605 185 3615 -
306 3564 411 3642 deant
426 3581 590 3639 naturam
604 3557 798 3636 videantur
812 3557 964 3636 induere
978 3554 1087 3634 rebus
1098 3581 1178 3634 non
1192 3479 1917 3662 lapideis,&ostendunturmulainmuda

280 3659 425 3769 pallim
439 3683 598 3760 corpora
618 3657 826 3760 petrefasla,
837 3682 920 3756 quae
933 3657 1056 3736 omnia
1069 3677 1190 3734 tamen
1212 3683 1285 3762 ego
1303 3684 1380 3737 non
1395 3665 1556 3766 genuina
1571 3662 1640 3739 elle
1656 3660 1827 3740 existimo.
1840 3657 1916 3732 Nan

300 3767 339 3842 ἃ
353 3761 534 3840 raritatem
551 3760 718 3860 aliquam,
734 3781 794 3836 aut
809 3760 1024 3856 novitatem,
1040 3753 1226 3838 fraudibus
1242 3758 1361 3838 doslls
1377 3762 1563 3838 interdum
1579 3767 1706 3840 venari
1720 3760 1872 3854 solemus,
1887 3770 1916 3825 at

285 3864 492 3948 -eerirarem
506 3859 698 3964 Theologi
712 3858 898 3940 interdum
912 3855 1099 3937 fraudibus
1118 3859 1199 3960 piis.
1225 3859 1335 3939 Inilla
1350 3863 1474 3938 omnia
1493 3861 1516 3937 s
1557 3863 1676 3940 cialius
1692 3857 1916 3960 inquirendum

301 3961 363 4060 est.
388 3963 483 4038 Utut
497 3961 597 4037 enim
610 3986 687 4038 nou
707 3985 853 4065 negem,
868 3955 1052 4038 incrustari
1068 3961 1237 4056 quaedam
1251 3983 1317 4040 eor
1346 3983 1410 4036 ora
1423 3958 1475 4065 po
1504 3988 1524 4040 e
1544 3953 1917 4061 crustaraliqualapidea,

296 4058 1293 4164 ,totatamen,quantaquanrasunt,mutariinlapidespn
1323 4085 1354 4158 e,
1364 4085 1421 4139 res
1435 4061 1486 4138 est
1501 4052 1640 4140 credita
1653 4061 1843 4140 admodum
1851 4045 1918 4128 diffi-

303 4164 391 4263 cilis,
404 4158 470 4236 nili
482 4158 580 4237 forte
593 4183 691 4246 tanta
706 4159 748 4238 str
760 4163 869 4268 eopia
883 4153 1555 4263 particularumlapidescentium,utita
1573 4183 1763 4268 penetrent
1769 4155 1917 4259 murino

186 4305 190 4313 ·
305 4265 415 4343 etiam
429 4268 633 4364 corporum
648 4260 818 4362 recessus,
841 4259 880 4340 dt
901 4257 1049 4364 lingulis
1065 4259 1245 4362 particulis
1253 4259 1287 4338 se
1303 4262 1591 4365 circumponunt.
1641 4263 1723 4360 Sed,
1738 4252 1845 4356 n'eque
1860 4269 1918 4326 tum

305 4385 428 4444 tamen
448 4361 644 4462 concipere
684 4362 855 4462 ollamus,
894 4358 1062 4437 uomodo
1074 4355 1261 4436 substantia
1276 4384 1389 4462 nova,
1407 4362 1444 4439 bt
1459 4363 1538 4441 satis
1555 4357 1758 4465 ponderosa
1772 4360 1806 4434 dt
1821 4350 1918 4440 multa,

306 4465 428 4548 eidem
442 4387 1142 4568 comnindenpoffitdalvamanenre
1156 4457 1672 4580 ejusfigpranififortenovae
1684 4461 1752 4538 illae
1766 4445 1919 4624 persipis?

1171 4617 1176 4626 .
1708 4575 1712 4582 ⁴
1835 4568 1918 4626 av·

452 4623 460 4635 ἱ
