3972 5226
274 263 280 270 ¹
316 243 326 258 Ι
351 292 431 394 Oap.
447 282 512 373 iii.
539 297 599 375 oe
613 291 756 396 Physica
771 291 1081 398 Mostiicaq'usqtte
1096 285 1363 423 interpretisut,
1376 289 1445 388 [sc.
1672 313 1745 390 ις,
1771 389 1782 406 ,

89 463 251 544 ueletiam
267 463 537 571 Metaphorico,
552 445 599 546 illi
615 469 733 548 alieno
756 471 913 574 capiunt.
962 473 1089 650 Opere
1104 469 1307 549 cavendum
1321 469 1455 562 estne,
1472 463 1560 540 dum
1579 460 1619 542 in
1638 462 1741 544 sacris

87 565 182 646 literis
196 563 382 671 quippiam
398 593 520 649 rerum
534 572 746 652 naturalium
762 571 974 676 quaerimus,
1014 572 1134 652 omnia
1150 571 1271 652 nostra
1284 571 1407 676 potius
1421 565 1627 646 inseramus.

130 833 135 840 .
172 771 290 872 Qud
305 770 372 864 iani
388 771 516 850 attinet
533 779 710 870 instoriam
720 781 907 860 creationis,
920 773 1082 878 pertinet
1095 771 1149 850 illa
1166 771 1313 873 quidem
1327 773 1372 850 ad
1381 767 1738 870 contemplationem
1780 772 1805 830 ὓ
1843 761 1846 778 ’
1871 747 1879 766 ¹

84 869 273 972 Pbyficam,
289 871 335 949 ita
355 893 496 967 tamen,
510 895 551 951 ut
569 875 806 976 Theologicae
821 877 943 978 potius
958 873 1269 963 confidentionis,
1291 899 1395 974 quam
1412 870 1671 972 Philosophicae
1686 867 1756 946 srt.'
1850 890 1852 901 ·

82 973 166 1048 Nam
181 995 303 1070 certe,
325 974 388 1074 qui
406 973 466 1051 hic
481 999 583 1073 vera,
606 975 835 1077 adaquata&
858 976 1067 1055 sufficientia
1081 974 1245 1078 Physrces
1268 976 1443 1077 principia
1461 995 1645 1072 quaerunt,
1660 969 1737 1046 sru-

81 1073 137 1150 lia
151 1073 298 1174 quidem
313 1071 471 1154 laborare
486 1076 572 1154 mihi
588 1076 766 1164 videntur.
808 1079 993 1184 Qoniam
1010 1076 1107 1156 enim
1121 1100 1264 1168 namra,
1278 1085 1377 1153 nun'c
1391 1078 1430 1152 in
1445 1078 1552 1152 istum
1567 1071 1737 1148 ordinem

79 1175 223 1264 renen,
250 1174 332 1269 alia,
357 1177 607 1277 generationis
627 1177 695 1254 scil.
717 1179 771 1256 via
790 1179 948 1272 incedit,
975 1180 1021 1258 ad
1044 1203 1152 1284 quam
1168 1177 1342 1282 principia
1364 1178 1531 1278 naturalia
1548 1173 1738 1272 dirigenda
1764 1255 1767 1266 .

79 1283 174 1354 etiam
189 1276 291 1369 sunt,
306 1302 353 1354 ex
363 1275 653 1363 solaCreationis
669 1278 813 1358 historia
830 1306 906 1358 rem
921 1299 1070 1358 omnem
1084 1280 1434 1370 nonconficiernus,
1449 1291 1653 1378 quanquam
1668 1298 1737 1350 ne-

77 1379 139 1556 qari
152 1377 190 1455 id
202 1399 284 1456 non
299 1375 424 1480 poffit,
447 1378 570 1480 quoad
593 1379 748 1483 σύνταξιν
763 1382 868 1480 hujus
882 1383 1036 1460 universa
1051 1382 1138 1460 inde
1152 1381 1287 1459 desumi
1302 1383 1413 1458 multa
1428 1378 1534 1479 pulli.
1589 1377 1736 1476 Specia-
1834 1434 1839 1448 ,

89 1487 113 1556 'a
128 1505 214 1558 vero
224 1480 394 1582 Corpora
409 1479 577 1558 natiualia
592 1483 784 1582 quomodo
802 1485 901 1561 mista
919 1485 976 1560 vel
990 1483 1189 1588 composita
1204 1483 1297 1571 sint,
1307 1507 1495 1582 nurrquam
1516 1477 1602 1556 inde
1617 1475 1734 1565 disce-
1863 1511 1865 1518 v

77 1607 153 1660 nus.
207 1583 445 1680 Fueruntque
458 1580 522 1660 alia
539 1605 638 1660 certe
652 1584 828 1686 principia
844 1586 974 1663 mundi
989 1587 1156 1676 creandi,
1181 1609 1288 1688 quam
1308 1607 1408 1661 nunc
1423 1581 1503 1662 sunt
1518 1581 1734 1680 Corporum

75 1682 282 1760 naturalium
297 1693 515 1761 creatorum.
569 1686 671 1761 Deus
694 1687 791 1762 enim
814 1711 861 1762 ex
884 1687 1001 1764 nihilo
1021 1709 1206 1765 creaverat
1231 1684 1387 1766 univers
1408 1683 1513 1780 hujus
1541 1677 1732 1782 principia,

26 1815 27 1826 ³
76 1785 162 1863 unde
179 1783 307 1887 postea
322 1783 497 1886 pronum
511 1781 580 1860 elie
594 1786 717 1862 omnia
732 1811 885 1891 corpora
900 1787 1134 1890 apudMosen
1148 1788 1299 1889 quidem
1313 1785 1483 1889 legimus,
1498 1783 1556 1860 sed
1572 1803 1733 1881 quomo-

76 1887 134 1977 do,
150 1911 192 1962 ac
208 1896 281 1987 qua
294 1884 453 1982 ratimte,
468 1883 662 1988 produsia,
685 1888 758 1966 illic
774 1913 854 1968 non
869 1890 1029 1972 traditur.
1088 1893 1258 1968 Praeterea
1274 1912 1400 1990 magna
1417 1885 1476 1964 hic
1490 1883 1595 1969 estin
1611 1885 1732 1958 inter·

77 1994 269 2102 pretatione
284 1986 504 2086 ambiguitas.
557 1989 720 2088 Qando
735 1991 995 2096 enirnSpiritam
1012 1991 1100 2069 dicit
1108 1991 1227 2070 Moses
1240 1991 1431 2086 incubuistei
1482 1999 1520 2070 ·s,
1534 1982 1640 2082 aliqui
1648 1981 1730 2082 Spi-

77 2087 369 2179 nmmsmeium,
383 2087 492 2188 aliqui
509 2089 727 2192 principium
742 2092 890 2195 aliquod
905 2093 1063 2170 naturale
1076 2093 1229 2192 aditum
1245 2091 1282 2169 ἃ
1300 2017 1577 2180 univeriwhujus
1589 2081 1730 2160 consti·

66 2199 221 2268 ¹turinum
236 2187 336 2266 fimui
351 2189 643 2290 acdigestivum‚
660 2191 770 2294 aliqui
783 2215 956 2280 ventum,
970 2193 1184 2296 intelligunt.
1236 2194 1312 2296 Qui
1332 2188 1517 2292 Physream
1533 2183 1729 2265 Mosaicam

79 2293 181 2369 triete
197 2291 416 2391 sequuntur,
428 2291 838 2395 generalehocSpiritus
855 2292 912 2370 tel
922 2295 1063 2371 Anima
1079 2295 1206 2373 mundi
1220 2294 1460 2397 principium,
1476 2285 1571 2390 quasi
1584 2301 1747 2399 certum*

77 2393 321 2486 &heinsius-n,
336 2392 542 2486 admittunt,
555 2391 603 2472 de
616 2418 692 2498 quo
707 2395 807 2493 nun'c
821 2393 1128 2522 disserendilocus
1142 2419 1223 2476 non
1236 2396 1302 2474 en

162 2597 373 2702 Philosophi
382 2598 562 2686 Gentiles,
578 2599 669 2678 Mosa
684 2599 899 2690 viciniores,
914 2625 993 2681 non
1007 2603 1154 2684 obscura
1169 2597 1545 2682 habentMosaicarum
1561 2587 1724 2672 tradtio-
1767 2581 1790 2654 3

76 2725 153 2780 num
167 2701 325 2802 vestigia,
342 2725 499 2804 quorum
508 2701 587 2779 loca
595 2703 755 2781 Patallela
770 2695 1029 2803 diligentissime
1044 2706 1219 2806 congellit
1233 2713 1273 2783 in
1282 2709 1510 2776 Commentario
1522 2699 1565 2774 ad
1582 2695 1657 2771 hac
1673 2693 1727 2770 lo·

75 2829 109 2882 ti
122 2802 325 2883 dofflffimo
339 2807 692 2904 argumentationes.
725 2804 833 2906 'Legi
849 2802 885 2880 ἃ
901 2805 939 2880 Η
947 2831 1035 2882 veo
1050 2807 1263 2885 Gromvs
1279 2803 1401 2904 potest
1416 2801 1457 2877 in
1470 2802 1564 2874 libris
1577 2801 1616 2871 de
1632 2805 1726 2870 Veri·

75 2911 206 2982 ‘isis‘
227 2915 321 2994 ‘'⁰²¹5‘’
335 2929 377 2982 ²⁰
389 2913 483 2978 Nm!
497 2915 534 2978 in
546 2911 673 2992 eosdem,
685 2905 747 2984 ilbi
761 2905 960 3007 exScriptis
975 2907 1122 2986 aliorum
1132 2901 1609 3004 Orientaliumpopulorum
1619 2898 1727 2974 Gen-¹

75 3008 176 3087 tilium
191 2937 360 3108 ‹iogmata
374 3003 552 3098 ostendit,
575 3031 659 3083 cum
676 3005 778 3084 Mose
792 3006 1059 3087 convenientia.
1127 3011 1173 3086 Et
1188 3009 1331 3087 videtur
1342 3004 1433 3079 binc
1449 3000 1720 3079 Platonicorum

76 3108 421 3212 &Pythagoreorum
429 3107 559 3184 Schola
575 3108 762 3208 exhausta,
776 3109 837 3209 qui
853 3107 897 3186 ad
913 3111 1030 3188 causas
1044 3124 1208 3190 externas
1226 3105 1425 3206 inl'hyscis
1442 3103 1611 3203 pleraque
1626 3097 1725 3174 rese--

28 3287 29 3292 Ν
75 3235 164 3304 runt,
177 3208 539 3314 quemadmodum&
553 3211 671 3287 Moses
688 3207 792 3307 sarit,
809 3210 872 3312 qui
887 3233 1050 3289 nontam
1073 3213 1229 3290 internas
1250 3233 1372 3288 rerum
1390 3205 1506 3284 causas
1521 3205 1721 3307 proponit,

77 3337 168 3412 quarn
184 3329 372 3403 externas,
394 3335 589 3412 earumque
605 3329 794 3390 externum
809 3311 976 3391 ordinem
999 3312 1037 3390 d<
1051 3313 1329 3416 dispostionem.
1380 3308 1481 3384 Hinc
1493 3303 1590 3407 apud·
1604 3300 1720 3402 Plato-

76 3415 165 3492 nicos
178 3433 252 3494 tam
269 3411 379 3490 multa
394 3411 446 3488 est
461 3412 654 3518 disputatio
671 3413 718 3490 de
728 3415 828 3502 Deo,
846 3412 893 3489 de
903 3414 1016 3512 ideis,
1033 3413 1070 3492 dr
1085 3415 1249 3494 similibus
1262 3413 1389 3512 rebus,
1404 3433 1483 3511 quae
1498 3400 1722 3486 adTheoio-

77 3523 155 3615 giam
168 3514 295 3620 potius
307 3512 645 3618 naturalemquam
655 3515 700 3594 ad
715 3511 908 3614 Phyficam,
923 3515 1104 3621 pertinere
1120 3518 1303 3598 videntur.
1495 3527 1497 3532 ·

161 3723 326 3801 Fuerunt
341 3741 462 3796 tamen
478 3718 644 3796 nonnulli
659 3744 683 3794 e
697 3719 977 3814 recentioribus,
995 3721 1059 3824 qui
1072 3747 1116 3800 ex
1125 3720 1280 3800 Historia
1294 3719 1351 3796 illa
1365 3714 1572 3796 Creationis
1587 3698 1718 3787 dodri·
1760 3713 1795 3782 4

75 3846 143 3900 nam
159 3821 343 3925 Physcarn
357 3819 520 3898 fabricari
533 3821 654 3898 conati
675 3821 772 3916 sunt,
789 3822 853 3926 qui
866 3823 1017 3923 quidem
1033 3826 1212 3928 principia
1228 3823 1343 3924 aliqua
1355 3815 1528 3920 generalia
1542 3837 1586 3890 ex
1596 3812 1721 3887 ilisto-

76 3923 114 4000 n'a
127 3928 341 4003 Creationis
355 3923 548 4014 affirmant,
571 3921 634 3999 suo
651 3943 772 4000 tamen
787 3925 904 4001 modo
918 3925 1078 4026 quodam
1092 3927 1285 4031 explicata,
1307 3921 1403 3999 &ad
1422 3919 1503 3996 suos
1518 3913 1635 3992 serim
1649 3936 1722 3990 tra·

75 4025 177 4104 duda.
225 4029 268 4102 ln
284 4021 491 4126 specialibus
507 4044 647 4100 tantum
664 4025 782 4122 abeli,
794 4047 837 4101 ut
849 4051 1060 4129 proponant
1073 4027 1283 4106 sententiam
1302 4045 1363 4100 aut
1377 4042 1540 4116 mentem
1557 4015 1722 4118 priorum

76 4127 237 4232 Capitum
251 4123 460 4222 Genetos,
483 4145 524 4202 ut
539 4149 652 4202 novas
666 4131 774 4201 etiam
791 4125 1071 4206 sententiassuas
1089 4129 1134 4208 ad
1156 4131 1209 4205 illa
1225 4123 1398 4230 generalia
1412 4120 1589 4224 principia
1610 4117 1724 4195 redu·

77 4253 144 4305 tere
161 4227 370 4333 moliantur.
410 4227 508 4304 Hinc
522 4231 618 4329 pene'
635 4238 764 4306 omnes
776 4227 1004 4328 Physrtorum
1019 4227 1307 4308 stetiaeredncere
1324 4223 1496 4327 principia·
1508 4219 1565 4297 lin
1580 4217 1625 4295 ad
1636 4221 1725 4296 Mo·

77 4327 146 4408 laica
162 4331 240 4426 illa,
257 4327 283 4404 sr
297 4325 335 4404 id
351 4327 480 4422 velint,
497 4326 651 4428 possunt.
703 4335 855 4424 Cartcsmr
865 4353 979 4424 certe,
994 4357 1101 4434 quem
1116 4324 1459 4434 egnPb'rlosophiam
1475 4345 1660 4420 nunquam
1674 4318 1724 4395 ad

76 4457 222 4511 nentem
237 4427 349 4508 Molis
364 4429 549 4506 instituisse
565 4429 696 4526 credo,
729 4453 789 4505 aut
804 4455 887 4506 cuna
905 4433 996 4509 illam
1014 4433 1203 4526 scriberet,
1243 4433 1327 4508 illuc
1344 4424 1526 4530 respexisse
1540 4421 1725 4520 (requirit

77 4533 336 4626 enimenimum
353 4531 564 4630 praejudiciis
580 4531 733 4612 omnino
752 4531 946 4630 liberum‚)
968 4541 1078 4612 ineas
1094 4556 1214 4612 tamen
1234 4531 1473 4634 cogitationes
1491 4525 1659 4613 devenit,
1677 4539 1723 4600 ut

78 4637 193 4722 ilosen
213 4633 421 4750 secundum
437 4631 702 4735 Philosophiam
720 4637 817 4740 bam
836 4636 1208 4740 explicaresoiuerit,
1242 4636 1347 4740 quod
1371 4651 1474 4742 patet
1493 4653 1540 4709 ex
1553 4623 1725 4742 Epiiioiis

772 4791 779 4802 ·
1139 4753 1142 4762 ’
1286 4789 1289 4799 ·
1361 4792 1367 4801 ·
1540 4797 1543 4802 ·
1640 4747 1731 4822 ejus
