3928 5240
1857 210 1860 229 ·
1937 169 1939 252 l

552 371 595 397 ,.
710 263 1130 388 rnoisoonausss
1306 291 1310 296 ·
1401 294 1405 314 ’
1714 329 1772 404 Α

146 517 150 524 ·
198 475 244 558 ii.
266 476 417 563 Verum
430 479 569 564 ,erdem
592 482 670 565 fato
695 507 737 561 ac
769 456 974 564 mutationi*
987 485 1136 564 Titulus
1150 463 1221 562 ‘laic
1247 481 1496 588 polyhistoris,
1521 483 1654 590 aliique
1676 485 1770 582 eius«

102 572 180 694 dem
210 586 362 682 generis
403 585 592 683 Literaiii,
627 587 731 667 fuere
767 585 944 679 obnoxii,
993 595 1055 665 cui
1100 586 1266 683 Politici,
1307 589 1474 705 Augustis
1512 589 1627 684 olim,
1665 589 1766 668 Prin·

101 679 553 872 “llbliiiiiilii
584 687 1214 894 ³¹¹⁰llllzai⁶lils⁰,illi⁰
1243 691 1411 871 isli*
1436 691 1767 873 ,iiiliills

86 805 288 984 ,inferum
306 885 477 972 XVilmo
492 854 555 974 nu·
592 896 698 974 nime
721 893 862 998 elapso,
882 893 1015 973 laxiore
1037 819 1434 998 admiiio'ignificatu}³
1450 895 1659 973 hominibus
1681 850 1766 976 iub·

100 985 311 1172 selliilonje
334 995 519 1076 inferioris
595 1017 692 1090 atos,
717 997 765 1076 ita
791 995 960 1096 paulatim
983 997 1231 1098 degenerasse,
1257 1021 1297 1076 ut
1328 999 1556 1090 Monarciiis,
1573 999 1764 1100 Suptemi-
1798 997 1803 1020 ¹
1939 965 1940 978 Ν

101 1113 173 1190 que
195 1093 250 1170 Or
279 1097 349 1176 inis
374 1101 617 1280 Magnatibus,
644 1101 692 1178 do
706 1099 832 1189 novis,
855 1098 986 1202 quibus
1004 1097 1070 1201 ipi
1086 1098 1150 1176 soli
1164 1097 1384 1200 gauderent,
1409 1099 1447 1177 in
1464 1099 1619 1180 istorum
1640 1099 1765 1179 locum

101 1190 350 1293 adl'cistendis,
376 1202 421 1280 ba
459 1225 549 1280 enus
573 1203 615 1284 ste
643 1203 789 1282 eliserit
807 1201 844 1277 ba
858 1197 1082 1302 inposterum
1097 1225 1248 1303 quoque
1264 1199 1304 1281 sit
1328 1201 1575 1304 cogitandum.
1626 1205 1670 1280 ln
1693 1199 1765 1282 Re·

98 1293 238 1397 publica
268 1301 461 1392 Literatia,
488 1304 541 1384 uti
569 1227 728 1398 diiium,
753 1303 883 1410 purtim
907 1303 1045 1381 stolida
1065 1304 1295 1404 ambitionis,
1323 1312 1455 1408 partim
1478 1321 1763 1424 verounum·
1863 1381 1877 1413 Ὗ

98 1405 166 1502 glas
180 1397 338 1481 sordida
352 1404 391 1484 dr
405 1425 445 1485 tu
491 1405 609 1485 iliimae
623 1406 838 1486 adulationis
855 1409 970 1497 vitio,
991 1426 1071 1484 non
1085 1407 1206 1486 minor
1214 1461 1225 1501 ,
1252 1407 1363 1509 quod'
1383 1407 1532 1488 Titulos
1546 1409 1686 1503 attinet,
1708 1433 1766 1487 in·

101 1501 203 1579 valuit
217 1505 372 1610 drogia.
427 1431 643 1600 graduum
666 1531 785 1608 certe,
809 1533 904 1612 quos
933 1507 1088 1602 vocant,
1115 1507 1445 1600 Academicorum,
1464 1507 1544 1606 solis
1562 1509 1654 1590 oiim
1679 1535 1766 1590 vere

103 1604 256 1684 Eruditis
280 1603 565 1702 destinatorum,
598 1609 883 1716 appellationes,
915 1608 1128 1690 honorifica
1149 1610 1229 1688 line
1243 1637 1295 1690 ac
1329 1601 1547 1714 plausibiles,
1570 1613 1766 1718 postquam
1876 1623 1881 1628 '

111 1709 215 1805 natio
230 1710 293 1792 isti
307 1715 453 1792 venales
481 1713 572 1812 elic,
596 1715 777 1816 &dignis
797 1735 908 1814 atque
929 1713 1091 1816 indignis
1124 1713 1328 1816 promiscue
1342 1713 1522 1812 conferri,
1549 1733 1766 1814 caeperunt,

113 1807 276 1910 adeojam
292 1816 516 1911 eviluerunt,
540 1839 581 1896 ut
598 1816 754 1896 illiterati
777 1840 836 1894 eas
857 1813 1001 1894 rideant
1024 1841 1067 1894 ac
1090 1837 1352 1910 contemnant,
1377 1815 1605 1935 Eruditiilrmi
1626 1816 1777 1933 quique
1935 1831 1941 1840 '

107 1907 304 2008 fastidiant,
329 1913 491 2022 titulique
505 1944 551 1998 ex
566 1918 647 2022 ipfis
660 1915 918 2006 Proielioribus
931 1945 973 1997 ac
989 1918 1192 2010 Brabeutis,
1215 1918 1346 1998 iisdem
1368 1919 1457 1998 'oiim
1472 1918 1767 2008 donatt,nom1·
1886 1953 1893 1968 a

105 2015 203 2094 nibus
218 2020 309 2106 suis,
337 2043 508 2124 tanquam
522 2045 653 2125 parum
670 2019 730 2098 fibi
746 2021 915 2112 decoras,
939 2021 1094 2116 adjicere
1108 2021 1363 2123 dedignentur.
1413 2023 1583 2118 clariffimt·
1606 2021 1769 2114 Titulus,

107 2137 207 2196 untae
228 2123 321 2201 olim
335 2124 575 2225 dignationis,
600 2143 642 2202 ut
657 2123 754 2202 Vitis
776 2119 1049 2216 Consularibus,
1073 2122 1417 2226 Provincia-umque
1443 2123 1669 2224 Fraudibus,
1693 2126 1768 2202 Ro·

107 2245 168 2298 mae
183 2221 269 2304 elles
285 2229 474 2330 proprius,
499 2227 631 2305 Secnlo
645 2247 766 2304 autern
788 2227 920 2339 Xl'lto
942 2223 1023 2302 solis
1046 2223 1162 2340 ferme
1193 2225 1353 2304 Literarii
1379 2224 1531 2304 Ordinis
1558 2225 1770 2306 Proceribus

110 2327 402 2510 {nielli
422 2327 624 2515 'iiiiii
632 2324 1772 2524 li‘li‘silisllliiailliiuiriiiiiii:

110 2525 176 2606 bus
203 2532 332 2612 merito
369 2451 635 2638 reiinquendeg,
668 2481 989 2646 Ebccifatfffimrum
1002 2478 1067 2645 ’ac
1097 2531 1346 2706 Mafmyicorum
1376 2483 1634 2634 appella’tiones
1653 2453 1771 2610 getiam

109 2631 150 2708 ab
163 2639 206 2712 iis
219 2632 422 2714 ambitione
437 2657 701 2735 nonnunquam
719 2629 779 2708 fibi
796 2629 1026 2708 vindicantur
1040 2629 1156 2708 ndrcu
1169 2658 1207 2718 a,
1234 2633 1435 2735 inquibus,
1462 2631 1485 2710 ir
1501 2632 1608 2711 dotes
1633 2631 1771 2734 speses

109 2733 257 2836 ingenii,
283 2737 333 2816 nil
348 2737 414 2816 nist
428 2737 520 2818 exile
542 2735 579 2814 ἃ
604 2733 766 2835 vulgare,
793 2731 931 2810 nedum
954 2753 1124 2834 magnum
1145 2731 1296 2834 aliquid,
1321 2757 1383 2813 aut
1397 2739 1460 2816 τῶν
1490 2733 1608 2816 ἄλλων
1629 2736 1773 2842 ἔξοχον,
1924 2795 1926 2801 ,

110 2837 372 2940 deprehendes.
450 2841 544 2918 Non
565 2837 618 2913 eii
639 2833 765 2936 igitur,
793 2831 896 2936 quod
920 2832 1111 2929 miremur,
1133 2836 1375 2935 Polyhistoras
1397 2838 1523 2932 etiam,
1547 2839 1774 2934 imbitumi-

111 2951 175 3034 φες
186 2965 458 3043 nonnunquam
475 2940 513 3019 δι
526 2935 822 3040 normulatim,
847 2935 968 3012 nostra
988 2958 1092 3014 aetate
1107 2991 1118 3030 ,
1139 2936 1183 3014 ab
1201 2935 1485 3017 Alientatoribus
1504 2935 1700 3045 imperitis,
1716 2939 1774 3034 δι,

114 3045 193 3144 quid
206 3069 276 3126 cra
290 3045 426 3149 lupinis
439 3042 575 3124 distent
582 3039 765 3146 ,ignatis
782 3035 937 3130 salutati,
961 3043 1027 3138 qui
1044 3037 1089 3136 ad
1109 3037 1337 3140 Polymathiae
1351 3064 1444 3118 verat
1466 3042 1571 3143 adyta
1584 3067 1775 3146 nunquam

109 3171 362 3249 penetrarunt.
388 3145 520 3228 sedvel
535 3145 665 3222 inuno
685 3163 826 3220 tantum
850 3138 1065 3232 literarum,
1081 3137 1151 3218 five
1173 3139 1458 3240 Elegantiorum,
1489 3141 1559 3221 sive
1580 3144 1776 3224 sublimio-

110 3273 206 3337 rum,
220 3273 361 3354 genere
373 3249 583 3350 diligentius
596 3243 669 3322 aliis
684 3241 766 3322 sunt
781 3239 925 3332 versati,
951 3241 1028 3332 vel,
1050 3239 1075 3318 ii
1099 3241 1260 3344 pluribus
1283 3268 1408 3322 vacare
1429 3246 1553 3340 libuit,
1567 3245 1690 3328 studio
1715 3246 1775 3327 illit

110 3349 266 3455 fugitivo
282 3351 319 3429 δι
333 3351 541 3443 desultorio,
554 3348 652 3426 canis
667 3346 774 3424 instar
794 3368 817 3420 e
836 3343 928 3420 Nilo
951 3343 1127 3443 bibentis,
1142 3342 1262 3422 obiter
1284 3366 1427 3426 tantum
1451 3346 1671 3436 delibantnt,
1693 3347 1775 3427 nul·

111 3451 173 3532 lius
187 3479 313 3536 autern
329 3476 530 3536 accuratam
543 3471 655 3551 atque
667 3446 817 3524 solidam
835 3444 961 3547 adepti,
983 3443 1065 3524 sunt
1084 3446 1262 3548 peritiam.
1340 3455 1425 3524 Vera
1439 3450 1629 3540 nimirum,
1651 3451 1690 3528 in
1701 3455 1778 3548 'Reff

110 3559 252 3662 publica
266 3557 375 3636 etiam
392 3555 570 3647 Literaria,
584 3549 690 3654 quod
705 3547 892 3646 mustias,
905 3549 1077 3625 Romana
1098 3546 1391 3648 indignabundus
1414 3549 1503 3629 oiim
1525 3551 1777 3656 exprobravit,

108 3689 214 3738 rerum
231 3663 387 3736 Vacalula
389 3655 590 3762 jampridem
603 3659 781 3746 amifimm,
805 3668 877 3727 nec
900 3649 1112 3728 Studiorum
1135 3648 1253 3727 saltem
1274 3657 1430 3753 prumia,
1450 3651 1510 3730 sed
1531 3654 1647 3772 ipium
1665 3662 1777 3737 etiarn

113 3763 325 3842 tntditionis
341 3783 496 3855 nomen,
522 3751 830 3836 &Titulosbuic
844 3749 1079 3856 soluentes,
1096 3750 1240 3836 indoiii
1254 3777 1338 3836 cum
1353 3753 1716 3862 bouspammnn,
1730 3779 1776 3840 as
1903 3824 1914 3850 ,

111 3862 293 3973 sapill'nne
305 3861 606 3969 iliiapronpiunta

208 4077 271 4157 iii.
298 4071 391 4150 Non
403 4049 706 4148 tamentantaest
721 4003 1160 4170 nostrbnam'temporum
1181 4059 1390 4166 infelicitas,
1407 4083 1450 4144 ut
1470 4063 1590 4145 nullos
1625 4062 1777 4170 amplius

109 4176 276 4270 habeant,
292 4160 425 4278 quibus
438 4169 601 4275 gloriati,
616 4191 761 4270 quosve
778 4165 900 4244 Priscis
913 4190 1107 4269 opponere
1154 4187 1283 4256 ueant,
1297 4191 1382 4244 vere
1396 4167 1650 4284 Polyhistoras.
1699 4170 1777 4259 De-
1846 4205 1851 4214 .

111 4283 251 4374 crescit,
267 4279 413 4362 fateor,
427 4275 477 4352 ob
493 4271 705 4374 quotidiana
728 4268 917 4362 barbariei,
941 4265 980 4348 ἃ
1002 4275 1103 4371 mrpi
1130 4267 1193 4346 ami
1215 4267 1389 4347 doiirinae
1410 4267 1587 4348 solidioris
1606 4287 1778 4352 contem·

137 4408 205 4483 tus,
219 4386 466 4473 incrementa,
480 4373 648 4480 paulatim
658 4373 804 4450 illorum
820 4394 1009 4466 numerus,
1030 4369 1091 4450 sed
1106 4369 1274 4450 nondum
1287 4393 1408 4470 tamen
1422 4373 1577 4452 omnino
1593 4371 1778 4478 disparuit,¹

111 4411 320 4574 immeto,
337 4480 461 4559 nostra
474 4477 580 4556 etiam
599 4493 715 4571 ctare,
730 4471 824 4551 inter
840 4472 1068 4566 Germanos,
1082 4476 1248 4572 Batavos,
1271 4475 1394 4567 italos,
1408 4469 1555 4560 Gallos,
1567 4475 1774 4578 Britannos,
1932 4511 1935 4520 ·

115 4591 186 4672 imo
199 4573 236 4672 in
250 4580 420 4672 Cimbria
433 4579 554 4672 etiam,
567 4603 609 4656 ac
622 4574 747 4656 vicino
762 4573 1132 4680 ei'Septentrione&
1156 4580 1374 4672 etiamnum,
1389 4601 1544 4655 numero
1558 4576 1643 4655 lieet
1656 4574 1778 4658 immi·

114 4719 215 4792 nuto,
227 4686 435 4803 supersunt,
448 4683 594 4772 iiuocs
606 4677 777 4766 nonnuli
786 4677 962 4776 Literrtii,
977 4677 1043 4782 qui
1064 4698 1230 4762 murata
1250 4678 1366 4763 totius
1386 4678 1619 4784 solymane
1630 4678 1780 4866 periti&

968 4799 1030 4864 Η
1110 4831 1113 4838 ·
1356 4805 1359 4813 “
1407 4844 1410 4854 ,
