3876 5234
218 303 305 394 ’998
397 251 408 264 ⁵
655 320 661 327 ·
721 283 880 392 Pohthi'st.
896 284 992 370 Philo
1011 285 1166 392 nimii.
1179 288 1342 372 u'Pari.
1357 284 1406 370 lb
1467 313 1472 322 ’

235 469 471 572 logismorum
489 463 750 547 nonnullorum
765 462 904 545 accusat
920 467 959 543 iii
980 466 1506 550 motusdemonstiationibus.
1539 545 1542 552 ,
1578 463 1795 547 Ceterum&
1807 463 1868 571 ipse

235 571 398 652 Borellus
409 574 448 645 de
460 595 545 646 motu
559 573 695 645 immisi·
707 567 849 662 librum,
864 593 974 669 quem
991 567 1132 649 editum
1146 593 1246 648 nuiic
1261 568 1331 648 esse
1354 569 1485 664 audio,
1496 566 1675 672 promisit,
1692 591 1764 670 quo
1785 571 1868 650 sorte
1934 583 1935 658 ζ

189 673 195 697 ‘
237 697 318 752 non
333 679 454 750 minus
463 669 599 750 subtilia
613 669 650 747 &
664 667 1114 764 curiosaycontinebuntur.
1163 671 1257 774 Qae
1270 677 1311 748 iii
1326 693 1450 772 natura¹
1463 663 1869 774 contingiintgeneratio·
1934 667 1935 762 l

201 799 304 855 'nes
325 773 362 850 δι
382 771 689 865 fermentationes,
703 796 748 849 ex
767 769 1025 875 hypothefibus
1042 765 1110 850 suis
1147 767 1226 850 satis
1241 769 1428 849 concinne
1448 768 1616 876 explieat.
1666 773 1873 874 Superest&
1934 775 1935 868 l

237 878 360 974 Joach.
374 871 494 974 lungii
503 873 568 948 lib.
577 873 945 977 choruposthumus,
954 897 1064 975 quem
1072 869 1328 976 discipulorum
1342 873 1468 989 aliquis
1480 872 1642 954 Editioni
1650 889 1803 976 paratum
1817 874 1869 952 ser·
1934 877 1935 950 l

143 1054 147 1064 ,
238 997 310 1054 vet.
338 975 480 1076 Urgent
493 972 834 1052 hancvehementet
849 975 969 1074 Angli,
986 973 1147 1077 aquibus
1164 974 1284 1076 magni
1298 975 1450 1077 Jungius
1471 975 1675 1053 estimatur.
1699 973 1871 1054 Erfuit'sa·
1934 966 1935 992 ¹

112 1121 117 1138 .
237 1073 1042 1183 neVirsoblimisingenii5quiquenaturalium
1057 1099 1175 1153 rerum
1190 1073 1322 1174 causas,
1336 1073 1560 1174 accuratiori,
1576 1101 1685 1178 quam
1705 1076 1871 1178 vuigoha-

3 1223 4 1236 .
236 1177 365 1256 denus
378 1173 521 1260 sisium,
543 1175 654 1254 oculo
668 1176 887 1292 inspexerat,
901 1201 942 1254 ac
956 1175 1068 1254 multa
1082 1173 1127 1255 ad
1142 1177 1412 1276 Mathematicus
1427 1177 1523 1280 leges
1537 1201 1779 1258 revocaverat.
1823 1187 1872 1254 Na

113 1299 114 1302 ‘
236 1303 318 1355 vam'
333 1279 517 1380 Hypotbessn
537 1285 646 1352 Motus?
668 1282 795 1374 Halisca·
817 1277 930 1361 Wilh.
951 1277 1113 1356 Petruse
1134 1277 1214 1355 Soc.
1229 1279 1314 1379 Reg.
1338 1278 1443 1380 Angl
1467 1275 1599 1372 adjecit
1619 1277 1761 1363 Libello
1771 1277 1829 1357 suo
1841 1281 1872 1354 de

237 1377 308 1474 Usii
320 1379 482 1482 duplicare
493 1391 715 1481 proportionis
730 1391 766 1454 in
776 1379 992 1479 fingtdaribus
1012 1377 1217 1482 qiii‘burdant,
1245 1379 1407 1457 Londini
1423 1382 1468 1462 A.
1482 1389 1579 1484 1674.
1603 1393 1640 1454 i‘n
1655 1405 1733 1456 tamo
1747 1377 1871 1458 excuso.

234 1479 355 1558 Multa·
365 1479 395 1556 is
408 1478 517 1556 habet
531 1477 678 1574 curiosa,
721 1505 775 1558 uae
789 1477 948 1581 spedant
962 1478 1008 1556 ad
1021 1477 1224 1557 doslii’nam
1245 1479 1382 1574 Motus,
1398 1481 1499 1574 cujus
1520 1479 1612 1560 varia
1635 1483 1806 1586 proponit
1818 1483 1871 1558 Ei·

232 1579 616 1685 perimenta'specialia‚
631 1503 854 1684 duriiicando
880 1583 1053 1658 Mutuum
1078 1603 1147 1684 pro
1176 1578 1368 1664 ositiones.r
1437 1583 1530 1686 Qiae
1545 1581 1593 1660 de
1610 1585 1732 1686 primo
1746 1606 1872 1664 motoie

232 1682 329 1784 apud
345 1679 422 1758 Peri
448 1681 600 1758 aretinos
616 1680 696 1760 sunt
710 1679 973 1773 controversiae,
987 1681 1057 1783 legi
1072 1707 1122 1784 po
1149 1703 1217 1760 unt
1237 1681 1333 1786 apud
1355 1681 1603 1786 Berirgardum
1625 1691 1804 1788 insititio
1827 1685 1874 1762 n·-

150 1811 155 1818 ’
189 1869 191 1872 ,
223 1785 315 1882 fano,
332 1781 396 1862 ubi
413 1705 511 1860 tide
524 1803 628 1862 motu
640 1780 886 1886 proieiiorum
903 1781 1042 1884 prolixe
1055 1789 1181 1884 agitur.
1202 1813 1211 1823 ·

166 1946 196 2022 7
333 1951 425 2029 Mihi
440 1951 593 2054 quidem
606 1975 685 2045 nori
699 1951 873 2032 videntur
896 1952 1019 2031 omnia
1041 1951 1099 2030 illa
1119 1951 1324 2030 indistinsie
1370 1950 1510 2032 ouem
1530 1941 1660 2038 „motus
1691 1957 1873 2036 donnini

231 2052 357 2134 referri
371 2073 506 2132 namne
520 2054 798 2142 Phaenomenac‘
828 2055 1034 2132 Utntenim
1055 2053 1227 2134 subtiliter
1248 2053 1310 2131 ista
1332 1977 1400 2134 lint
1422 2055 1643 2158 excogitata,
1674 2079 1873 2139 nontamen

232 2177 363 2236 ornnes
379 2154 569 2234 absolvunt
582 2157 765 2234 rationum
795 2179 980 2234 numeros.
1055 2155 1117 2233 Est
1144 2176 1312 2259 praeterea
1335 2155 1480 2257 aliquod
1500 2158 1540 2234 iii
1555 2185 1682 2240 natura
1697 2161 1795 2264 super
1808 2158 1874 2236 illos

231 2279 353 2335 rnotus
368 2257 609 2336 constitutum
623 2255 841 2374 principium
855 2255 1108 2346 determinans,
1130 2257 1233 2358 quod
1247 2264 1310 2359 qul
1332 2281 1412 2335 non
1425 2258 1608 2356 observat,
1626 2270 1668 2342 in
1685 2261 1874 2365 specialibus

229 2357 413 2437 nonnullis
428 2359 615 2460 exemplis,
628 2365 659 2436 is
675 2358 764 2435 nihil
779 2357 889 2455 videt¹
941 2358 1100 2436 Borellus
1114 2358 1187 2436 istis
1199 2358 1266 2437 suis
1280 2359 1425 2459 Regulis
1439 2361 1617 2466 explicare
1632 2365 1669 2442 se
1683 2385 1872 2442 tamennon

229 2461 365 2562 potest,
380 2458 444 2536 nisi
462 2459 653 2549 oonoedit,
667 2458 739 2536 else
755 2459 943 2559 particulas
956 2457 1128 2560 quasdam
1143 2459 1182 2535 in
1196 2462 1419 2559 naturaque
1431 2483 1498 2560 per
1511 2461 1546 2539 se
1559 2464 1650 2566 ipsas
1667 2487 1874 2556 moveantur,

229 2561 268 2638 ἃ
283 2563 455 2637 moveant
469 2558 558 2634 alias.
609 2553 669 2634 Ad
684 2557 724 2634 id
741 2575 942 2635 extremum
958 2554 1105 2636 demitrii
1126 2557 1398 2638 deveniendum
1412 2559 1483 2661 est,
1498 2561 1570 2642 five
1583 2563 1626 2647 sit
1640 2567 1729 2648 illud
1744 2564 1873 2646 materia

227 2659 377 2747 subtilis,
392 2658 464 2736 sive
477 2655 571 2737 aliud
587 2659 691 2760 quod
706 2657 887 2737 inmatura
904 2657 1062 2764 spiritale
1073 2658 1303 2764 principium.

123 2866 127 2872 ·
162 2793 200 2902 8ι
326 2829 447 2906 Restat
460 2851 572 2926 nunc,
588 2843 631 2908 ut
644 2825 750 2906 etiam
763 2826 811 2905 de
826 2829 908 2932 Q'
916 2831 931 2904 l
939 2827 1178 2931 ETEaliqua
1191 2807 1361 2910 dicimus.
1396 2839 1779 2940 Qiesnihi‘laliudesl,
1847 2865 1875 2914 iii

52 2989 53 2992 ,
227 2929 371 3028 absentia
383 2955 495 3022 inatus,
508 2943 544 3006 t'n
556 2933 713 3036 quostritit
729 2955 859 3031 corpora
871 2933 1074 3033 prrsrstinr,
1090 2955 1191 3006 morus
1203 2963 1276 3008 uero
1288 2939 1499 3009 tutundit.
1552 2941 1682 3042 Atque
1703 2943 1780 3034 hic,
1792 2869 1873 3018 ituit·

229 3056 444 3134 gumentum
457 3033 532 3110 iioc
545 3031 692 3135 preffius
714 3028 1002 3124 confideremus,
1026 3021 1209 3132 profunda
1230 3031 1311 3112 sane
1337 3033 1394 3110 illa
1416 3033 1689 3137 inquisitioni,
1714 3067 1793 3145 quae
1807 3067 1872 3119 tor·

163 3213 167 3220 ,
226 3157 315 3237 pora
330 3132 532 3238 quiescant,
548 3131 776 3308 &quatenus
791 3128 992 3231 quiescant,
1007 3155 1066 3230 an,
1087 3155 1170 3210 cuin
1186 3155 1261 3212 rota
1276 3133 1478 3234 quiescant,
1495 3145 1602 3217 etiarn
1621 3165 1744 3246 partes
1758 3167 1871 3222 eorum

227 3255 455 3340 moveantur.
505 3235 595 3336 Qo
642 3227 754 3306 sitem
770 3231 866 3308 retle
881 3230 1234 3330 consideraverimus,
1257 3235 1550 3340 nullum'corput
1570 3261 1645 3320 tam
1674 3243 1872 3324 densum&

225 3333 473 3441 ponderosum
486 3333 731 3418 inveniemus,
746 3330 784 3411 in
798 3331 922 3430 cuius,
937 3354 978 3410 ut
992 3331 1041 3412 ita
1063 3333 1193 3422 dicam,
1216 3337 1426 3430 uisceribus,
1441 3337 1478 3416 ἃ
1492 3341 1654 3422 abstrusis
1683 3344 1872 3433 recessibus,

225 3462 305 3516 uon
320 3435 454 3514 dentur
467 3431 629 3511 intestini
644 3431 790 3530 quidam
806 3433 1057 3533 particularum
1075 3445 1205 3513 motus.
1258 3442 1383 3515 Nemo
1399 3463 1475 3517 rem
1490 3441 1592 3520 illam'
1604 3449 1780 3526 attentius
1792 3473 1870 3526 coii-

224 3535 400 3634 fideruVit,
415 3561 523 3636 quam
538 3533 632 3610 Rob.
648 3532 795 3633 Boylius
810 3547 845 3606 in
859 3537 1092 3631 Diffirtati'one
1105 3539 1143 3610 dt
1156 3543 1315 3632 intestinis
1327 3540 1461 3613 motibus
1471 3553 1711 3644 particularum
1725 3561 1761 3624 in
1770 3549 1871 3647 fiilidt's

224 3635 456 3746 pristmum,
466 3632 1054 3734 nbiexeinplisgenmirumvim,
1069 3637 1241 3740 lapidum,
1254 3661 1473 3722 minimorum
1481 3696 1494 3736 ‚
1511 3645 1696 3746 lignorum
1710 3643 1870 3739 ostendit,

224 3735 610 3820 rotasseilioiiibusista
623 3733 851 3840 'corporaelse
860 3735 1029 3828 obnoxia,
1038 3736 1087 3813 ob
1103 3739 1366 3836 inobservatum
1375 3744 1558 3844 quendum
1569 3761 1718 3828 motum
1725 3759 1869 3855 particu-

183 3873 185 3877 ·
224 3841 348 3931 larum,
357 3837 394 3916 iii
409 3837 476 3915 illis
484 3835 784 3924 delitescentium,
794 3861 885 3938 quae,
901 3863 984 3916 cum
1000 3846 1151 3916 iiim‘otu
1166 3839 1259 3934 sunt,
1274 3842 1331 3918 vel
1350 3863 1633 3945 provocantura
1649 3853 1778 3948 vicinis
1797 3875 1868 3932 cor»

249 3939 381 4026 oribus,
400 3939 585 4041 particulas
601 3937 662 4014 sibi
679 3936 1005 4020 coniiexasiterum
1015 3941 1163 4118 qqiere
1176 3941 1369 4046 incipiunt.
1381 3944 1541 4033 illustria
1555 3947 1639 4029 sunt
1662 3957 1820 4061 exempla
1835 3955 1869 4033 il·

219 3967 262 4134 ia,
277 4065 356 4144 quae
369 4040 417 4118 de
433 4041 577 4120 maculis
593 4039 630 4117 in
645 4037 796 4141 gemmis
812 4047 917 4118 notat
938 4041 1035 4118 adso
1052 4047 1059 4062 '
1101 4065 1245 4120 motum
1266 4043 1471 4126 mobilibus.
1747 4093 1751 4098 -

242 4235 245 4240 ·
317 4207 478 4300 Pertinet
495 4209 569 4286 huc
583 4208 689 4288 etiam
712 4205 881 4308 dodritra'
893 4197 1180 4308 ‚sementariarum
1201 4237 1281 4314 qua
1295 4213 1440 4300 ratini
1457 4216 1499 4296 iii
1520 4217 1679 4320 Physicis
1702 4225 1784 4307 usus
1804 4230 1869 4324 est,

152 4290 174 4359 ⁹
216 4311 396 4416 cujusque,
406 4332 526 4388 veram
540 4310 704 4388 indolem
722 4335 765 4393 ao
781 4333 943 4396 naturam
951 4317 1117 4412 quisquis
1131 4315 1867 4426 nciiniesciieiiseumnesfetiiffimum

215 4441 338 4502 rerum
359 4411 583 4493 Naturalium
611 4410 753 4489 habebo
776 4412 1036 4512 indagatorem.
1058 4415 1228 4518 30mnes
1245 4415 1341 4493 enini
1357 4435 1489 4504 nature
1505 4422 1743 4524 mutationes,
1757 4434 1866 4512 altem.

5 4515 9 4522 ’
162 4585 164 4594 ,
212 4519 347 4604 tiones,
356 4521 622 4615 ¹generationes,
636 4511 922 4614 corruptionem·
937 4535 1016 4589 nori
1030 4509 1097 4589 nisi
1113 4511 1394 4620 fermentatione
1413 4517 1514 4602 fiunt.
1565 4522 1799 4619 Ejusartl'fex
1816 4536 1865 4615 so

211 4611 1217 4720 laatqueu‘iiieaestChymiaiiiasubliaiior3quaflamniis
1232 4617 1430 4723 agentibus,
1445 4621 1561 4705 modo
1576 4643 1717 4710 nature
1731 4639 1865 4730 umulo,
