3876 5234
72 188 114 206 ἰ
232 223 322 363 aro
509 234 573 305 ·'
725 248 886 356 raum.
904 181 1344 374 paromanarium.
1358 247 1406 332 n.

90 494 93 499 -
175 443 199 521 8
266 407 269 414 Δ
338 439 490 528 cauma,
509 429 570 514 scu
592 431 781 516 malaura,
802 404 1094 534 Aristotell'ulir'r'r
1116 429 1212 508 inter
1227 384 1394 527 meteora
1423 425 1703 530 'recensebatur,
1726 421 1877 532 &sapor

128 597 139 634 ,r
235 538 361 640 aliquis
377 535 602 628 credebatur,
615 556 699 612 cum
713 551 836 612 tamen
856 532 1126 612 observationes
1138 529 1403 628 ¹hodiernorum
1427 533 1702 635 Astrologorum
1717 527 1879 624 doceant,

133 673 137 683 ¹
235 640 306 724 elle
320 635 544 722 numerosam
559 633 708 715 lixarum
723 633 901 714 stellarum
923 633 1206 734 multitudinem,
1221 659 1302 814 ‹puae
1319 633 1367 715 ira
1389 633 1451 718 fibi
1465 633 1533 715 srnt
1548 633 1677 716 rlcinae
1727 654 1878 734 arvaque,

190 785 193 806 ι
235 765 279 826 ut
293 743 468 821 incertam
481 763 525 818 ac
539 735 635 842 quali
656 735 862 816 nebulosam
880 733 1000 817 lucem
1020 735 1175 842 aspellui
1199 737 1422 842 remquam,
1440 761 1529 842 quas
1550 735 1659 834 imme
1686 737 1726 814 ‘o
1747 731 1878 840 spatioa

128 865 130 870 ·
235 845 355 938 nobis,
374 838 495 921 &ase
512 841 684 932 invicem,
706 861 863 920 remotas
886 847 1045 930 rationes
1066 839 1200 942 opticae
1220 837 1299 918 satis
1322 839 1473 918 docent.
1544 837 1658 918 Certe
1676 835 1746 917 sola
1759 837 1811 914 illa
1833 839 1877 916 vir

234 945 345 1030 balea
359 941 535 1050 probabili
587 966 647 1020 ern
663 939 769 1020 faciat
783 965 913 1020 eorum
927 939 1123 1033 sententie,
1137 940 1202 1044 qui
1215 941 1327 1022 multa
1346 940 1381 1020 dr
1405 940 1550 1020 infinita
1565 939 1761 1041 systemata
1775 936 1876 1018 Plane·

235 1047 507 1139 tariastatuunt
599 1050 880 1124 umanumenlm
895 1042 1081 1146 ingenium
1096 1041 1296 1122 succumbit
1308 1044 1526 1148 cogitationi
1539 1041 1608 1138 isti,
1622 1041 1645 1120 lr
1660 1040 1707 1120 ad
1721 1062 1788 1122 tam
1801 1039 1876 1118 valla

186 1191 189 1200 ·
237 1175 393 1255 corpora
408 1145 585 1250 dirigitur,
602 1143 640 1224 dr
655 1145 695 1224 in
710 1171 839 1226 eorum
855 1145 1097 1228 utilitatem&
1113 1143 1361 1226 neceliitarem
1384 1145 1551 1249 inquirit,
1566 1144 1627 1224 cui
1638 1143 1705 1226 fini
1719 1161 1787 1224 tarn
1802 1139 1876 1220 vaila

162 1273 167 1280 ·
239 1279 288 1332 co
332 1277 407 1342 ora,
420 1271 493 1328 tarn
510 1247 791 1342 innumerabilia,
807 1246 831 1326 fi
846 1247 896 1325 illl
911 1273 1034 1343 vacua,
1056 1246 1095 1326 dr
1108 1271 1188 1326 non
1210 1246 1273 1326 nisr
1296 1250 1342 1328 a'd
1363 1271 1619 1328 ornamentum
1643 1245 1728 1328 coeli
1742 1245 1874 1322 inventa

237 1355 288 1432 Vi
316 1417 324 1434 .
340 1353 528 1435 Schemate
542 1350 609 1428 vite
624 1348 743 1428 lodice
754 1350 851 1457 apud
868 1349 1057 1429 Galilarurn
1072 1362 1108 1426 in
1126 1359 1245 1426 Nuntia
1258 1353 1398 1434 Sidam.
1449 1350 1490 1430 ld
1505 1375 1596 1428 vero
1610 1348 1770 1454 lepidum
1782 1346 1828 1426 ell
1840 1345 1875 1424 de

237 1458 339 1538 Foru.
355 1455 506 1548 Licet0,
522 1451 725 1531 Aristotelis
744 1478 878 1556 magno
900 1451 1110 1534 defensore,
1125 1451 1209 1554 qui,
1223 1475 1265 1532 ut
1285 1452 1432 1532 salvaret
1449 1452 1525 1552 ejus
1544 1449 1775 1543 sententiam,
1789 1471 1874 1552 quan

238 1549 356 1638 de'via
372 1555 480 1636 labier
495 1555 620 1651 babet,
640 1552 824 1658 duplicem
845 1553 933 1632 facit
946 1553 1047 1632 ‘viam
1069 1550 1230 1634 laneam:
1254 1553 1357 1634 aliam
1379 1562 1539 1648 a'e'ream,
1563 1555 1676 1635 aliam·
1705 1553 1874 1630 aetheream

237 1661 300 1742 Ne
315 1659 385 1747 scil.
411 1655 620 1738 Aristoteles
639 1655 819 1736 mendacii
840 1679 1065 1758 argueretur,
1079 1680 1152 1736 tarn
1176 1655 1414 1736 monstrobm
1438 1655 1651 1736 sententiam
1677 1650 1874 1734 comminici

198 1799 201 1805 ’
237 1762 366 1862 voluit,
382 1785 475 1864 que,
492 1783 539 1838 ne
553 1759 702 1844 minima
716 1759 865 1862 quidem
878 1758 928 1836 rei
943 1761 1114 1858 veritate,
1129 1757 1323 1861 probabilis
1344 1759 1466 1862 potest
1488 1758 1602 1838 reddi.
1679 1755 1785 1838 Unde
1795 1755 1873 1832 enin

236 1866 418 1945 orirentur
432 1885 585 1962 vapores
603 1860 696 1938 adeo
710 1861 919 1976 constantes
935 1860 1101 1962 hyberno
1115 1882 1292 2039 tempore,
1308 1862 1371 1940 ubi
1384 1861 1539 1940 maxime
1554 1861 1700 1940 strenus
1713 1865 1771 1940 abr
1783 1851 1873 1943 alb&

266 1967 329 2047 uid
344 1989 437 2069 opus
450 1963 504 2041 est
517 1962 701 2065 duplicem
720 1963 813 2042 rllam
828 1961 1007 2054 statuere·
1020 1989 1105 2042 curn
1125 1961 1189 2042 nul
1204 1987 1244 2040 us
1268 1964 1362 2042 inter
1382 1962 1576 2044 aetheream
1599 1962 1787 2044 &aeream
1799 1959 1873 2036 illam

206 2134 221 2154 a
277 2069 420 2150 alaniam
440 2091 554 2147 nexus
569 2063 638 2145 elle
653 2064 772 2168 polirt.
850 2062 1225 2146 Veterum‘sentenua
1239 2067 1335 2159 erat,
1358 2066 1498 2162 animos
1521 2057 1692 2146 Heroum
1708 2049 1800 2142 ledes
1813 2061 1873 2138 suu

233 2173 310 2252 illic
325 2194 464 2273 capere,
480 2193 550 2271 qua
565 2167 613 2244 de
628 2190 668 2246 re
684 2168 826 2270 prolixe
838 2167 1005 2248 Manilius
1024 2166 1230 2269 &Scaliger
1242 2180 1280 2240 in
1295 2177 1507 2245 coarmantur
1522 2174 1711 2244 Manilium.
1761 2162 1871 2246 Obser-

230 2297 355 2354 vatum
387 2271 441 2350 est
448 2325 461 2366 ‚
500 2269 739 2348 Cometarum
782 2269 979 2352 multorum
1005 2271 1137 2349 natales
1160 2269 1256 2348 eirca
1279 2269 1374 2348 hanc
1412 2269 1596 2350 Galeriam
1638 2267 1756 2368 fuisse,
1785 2261 1869 2368 quod

109 2457 111 2462 ’
229 2371 532 2558 tribulatis*
582 2371 928 2554 millriialriifi
944 2369 1271 2552 milduni
1284 2396 1481 2557 rull?
1522 2368 1868 2557 liiiislalllil

108 2571 116 2582 “
230 2584 269 2657 de
293 2591 349 2656 via
369 2580 482 2652 laum
513 2597 592 2652 uno
626 2570 747 2652 libello
786 2572 961 2678 congeffit
1000 2570 1185 2678 Ludolplu
1225 2572 1366 2680 Georg.
1404 2574 1640 2674 Lundenius,
1680 2567 1866 2657 chnlladii

227 2685 273 2762 A.
292 2688 391 2772 1665.
411 2689 448 2752 in
468 2698 522 2771 ato
543 2669 682 2754 excuso.

329 2883 452 2964 Locus
467 2882 531 2962 hic
546 2905 697 2985 quoque
710 2878 807 2974 ellit,
823 2881 871 2960 de
885 2875 1073 2964 effaerbas
1090 2881 1280 2966 Auroram
1295 2884 1495 2982 disserendi,
1510 2909 1699 2966 aneorum
1716 2873 1864 2984 aliquisin

164 2959 197 3029 9'
226 3009 384 3067 terreum
398 2987 548 3089 globum
562 2984 602 3064 srt
617 2983 780 3069 influxus.
833 2986 925 3063 Eum
939 2987 1008 3065 asse
1026 3002 1162 3062 nature
1175 3011 1254 3064 non
1273 3011 1469 3092 repugnat,
1489 2987 1631 3070 &ratio
1653 2987 1730 3066 sana
1752 2980 1862 3072 suadet,

226 3088 394 3192 &aliqua
408 3088 515 3166 etiarn
532 3087 752 3191 experientia
765 3087 923 3174 testatur.
974 3089 1056 3164 Una
1069 3087 1150 3164 luna
1167 3088 1305 3168 indicio
1320 3091 1389 3171 erse
1430 3091 1536 3184 orest,
1549 3115 1714 3195 magnam
1722 3085 1791 3176 ,esse
1803 3081 1860 3158 vim

129 3252 131 3263 ,
199 3233 200 3236 Ν
224 3191 321 3274 suam
339 3195 379 3270 in
391 3191 480 3280 a'e'ris
499 3187 766 3266 alterationibus
784 3186 945 3288 deaque,
963 3187 1088 3266 frustra
1111 3189 1192 3266 lroc'
1205 3185 1360 3294 negante
1383 3117 1428 3272 li
1448 3189 1574 3272 Vollio
1594 3207 1631 3268 in
1646 3195 1726 3269 libro
1738 3193 1773 3266 dc
1786 3192 1861 3260 Mau

142 3335 143 3340 κ
176 3341 180 3349 =
223 3307 365 3380 marium
380 3297 420 3376 εἰ
432 3315 606 3382 ventorum,
621 3313 731 3391 quem
749 3292 805 3366 vel
820 3289 941 3393 rustici
957 3289 995 3368 br
1011 3312 1130 3385 *nauta
1151 3289 1323 3379 refutent.
1395 3299 1550 3376 Marium
1577 3297 1679 3374 euim
1700 3279 1861 3370 motus&

153 3483 155 3488 ,
223 3403 327 3486 a'e'ris,
350 3395 405 3471 vel
429 3385 626 3494 dirigente,
648 3393 705 3468 vel
721 3392 943 3469 ministrante
966 3395 1042 3478 illa,
1057 3390 1168 3487 fiunt,
1190 3396 1309 3475 modo
1335 3398 1445 3488 gobis
1464 3397 1635 3477 nonsatis
1660 3387 1860 3492 intelligibili.

222 3497 337 3576 Unde
353 3495 495 3590 accidit,
512 3516 567 3589 ur,
583 3517 661 3594 quae
676 3495 735 3572 vul
760 3521 786 3570 o
801 3495 985 3572 observata
1005 3493 1196 3595 habentur,
1225 3523 1304 3577 non
1325 3498 1393 3580 fint
1414 3523 1487 3580 ram
1511 3523 1619 3578 certae
1641 3495 1808 3582 veritatis,
1825 3505 1859 3564 ut

89 3681 93 3690 ‚
223 3597 345 3688 fallere
359 3595 553 3698 aliquando
570 3619 648 3676 non
665 3520 808 3696 posint.
864 3593 1010 3676 Poliunt
1024 3593 1213 3674 enimaliae
1226 3624 1331 3702 eque
1396 3625 1524 3702 ,tentes
1548 3601 1658 3682 coust
1674 3589 1856 3688 intercede·

21 3839 24 3847 ·
220 3693 1366 3904 erubiturum?”moliminumilllum
1379 3700 1856 3888 'illumillum

199 3903 398 3982 ·Mizaldus
423 3901 553 4006 l'cripsrt
574 3900 781 3999 iugularem
796 3897 931 3979 ⁴librum
955 3877 1157 4002 Gallicum,
1171 3831 1405 3992 (Smrpeopa
1422 3894 1515 3996 bau,
1531 3909 1631 3988 Parii
1646 3889 1726 4004 ¹l71·
1740 3917 1774 3976 ἐκ
1795 3903 1854 3988 rur)

218 4008 278 4108 De
295 4009 517 4083 Planerarum
540 4009 745 4081 ceterorum
770 4005 904 4080 viribus
925 4004 963 4082 in
986 4009 1198 4106 Planerologa'a
1230 4007 1288 4085 sua
1314 4009 1446 4112 (Lugd.
1474 4011 1565 4090 Gall
1601 4035 1702 4102 ¹551·
1727 4017 1762 4080 in
1795 4005 1853 4092 410)

214 4107 314 4188 idem
329 4104 470 4206 scripit,
487 4104 545 4182 sed
563 4104 643 4184 sunt
657 4105 713 4182 illa
728 4129 775 4184 ex
790 4103 991 4206 vulgaribus
1005 4102 1132 4184 fabulis
1152 4106 1303 4187 colledla
1326 4109 1364 4188 dr
1378 4113 1527 4196 corrasa.
1605 4114 1703 4192 ldem
1719 4117 1851 4208 quoquc

212 4221 452 4288 aeromantiam
467 4205 617 4308 srripfiu
643 4207 681 4285 in
726 4233 769 4286 ua
794 4207 842 4285 de
867 4205 1144 4310 Tempestatum
1166 4211 1337 4314 prasagiis
1360 4215 1452 4316 agita
1479 4215 1544 4318 qui
1576 4216 1667 4294 liber
1681 4210 1782 4312 digna
1804 4210 1851 4276 in·

211 4312 393 4416 dignaque
408 4311 543 4388 mil'cet.
621 4312 666 4386 Et
678 4233 850 4412 pleraque
871 4333 973 4386 certe
995 4307 1071 4404 ejus
1095 4309 1158 4386 viri
1175 4312 1340 4394 inanibus
1356 4317 1482 4420 potius
1496 4318 1738 4420 opinionibus.
1755 4327 1847 4412 quam

207 4417 331 4498 solide
345 4409 656 4496 demonstrationi,
671 4412 887 4491 innituntur.
940 4411 1042 4518 Qid
1056 4410 1161 4490 stellis
1174 4412 1213 4492 in
1229 4424 1370 4498 animos
1387 4420 1589 4516 hominurn,
1602 4428 1641 4498 in
1655 4410 1844 4496 moresdrln

206 4517 372 4598 fortunas
388 4511 515 4593 ebrum
531 4515 647 4604 liceat,
661 4537 717 4590 res
733 4515 785 4592 est
800 4515 978 4618 perplexa,
997 4512 1033 4592 ἃ
1057 4541 1133 4592 non
1151 4513 1227 4594 satis
1248 4519 1451 4616 dijudicata.
1479 4522 1653 4640 Principia
1670 4541 1761 4597 certe
1774 4523 1844 4603 artis

205 4619 454 4724 Astrologica,
474 4617 572 4698 unde
585 4637 667 4696 nata
681 4618 838 4724 primum
852 4617 931 4714 lut,
946 4616 1022 4698 dici
1034 4643 1114 4700 non
1128 4617 1261 4724 potest.
1311 4625 1447 4714 Eurum
1461 4623 1844 4710 redlrmrlitudinemre.

1008 4757 1011 4771 ·
1737 4727 1838 4812 futare
