3964 5218
223 317 226 322 ·
330 275 416 382 op.
437 273 643 358 xxxma
677 272 737 352 ne
753 237 913 360 saratas,
938 269 986 350 er
994 275 1152 380 prmum
1168 249 1307 384 quaa
1328 277 1371 356 a
1393 234 1519 375 utta,
1588 353 1589 358 a
1669 311 1742 383 421
1795 377 1798 382 ,

61 451 154 530 sius
173 448 399 532 ostensurum
412 447 447 527 se
461 446 541 549 elle,
556 445 734 552 promilit.
783 443 956 525 Nascitur
972 469 1065 524 vero
1089 445 1301 547 frequenter
1318 450 1356 528 in
1370 449 1480 549 locis,
1498 448 1561 528 u'bi
1577 453 1687 555 pinus
1705 457 1745 536 lla

7 625 9 628 ,
63 553 283 632 terebinthi
298 549 478 650 cteseunt,
495 549 600 651 quod
615 559 836 654 argumento
851 546 921 626 elle
945 545 1072 650 poffit,
1092 573 1112 624 a
1132 547 1237 632 simili
1261 549 1416 649 quadam
1433 549 1649 654 viscolitate,
1674 582 1743 660 per

62 649 397 758 terramrdispetsa,
414 649 517 750 nasci,
536 651 574 728 δ’(
587 649 806 752 αρετῑίευίἰε·
822 647 1060 748 marissaliuis
1072 647 1263 752 coagulari.
1315 649 1528 730 Multumin
1544 678 1589 730 eo
1604 657 1742 736 labora·

62 781 166 838 tum
179 753 241 852 ell,
254 779 299 830 an
312 753 405 830 solvi
416 751 538 856 poffit,
552 775 662 851 atque
677 755 811 828 iterum
826 751 1021 854 coagulari,
1032 749 1140 848 quod
1155 748 1181 824 fi
1195 747 1310 851 fieret,
1327 775 1384 830 res
1393 749 1594 838 admodum
1604 754 1741 834 lucrosa

63 854 179 954 effer.
231 851 459 932 Theodorus
471 853 733 956 Ketcktingius
746 851 838 926 hanc
846 849 911 925 stbi
918 873 1033 928 artem
1050 849 1222 950 vindicat,
1241 853 1434 966 &integra
1449 849 1621 931 cadavera
1635 855 1741 935 succi·

63 983 129 1034 no
149 951 367 1034 circumfuso
384 953 563 1054 condivit,
584 977 695 1051 quant
712 951 928 1026 solutionem
942 949 1073 1026 succini
1090 945 1148 1026 ille
1168 948 1247 1028 solo
1262 977 1301 1028 re
1330 955 1442 1028 inune
1459 953 1556 1054 ignis
1570 949 1741 1036 lierialle·

64 1055 246 1152 verabat,
263 1053 365 1154 quod
377 1051 592 1156 persuadere
605 1076 726 1130 tamen
746 1047 924 1132 hellenus
935 1050 1028 1138 mihi
1041 1076 1118 1128 non
1132 1055 1248 1152 potui
1300 978 1522 1150 {binensen
1547 1077 1614 1156 pet
1628 1081 1740 1153 artent
1810 1059 1817 1066 '

66 1157 320 1257 Chyrnicatn,
336 1177 382 1230 ex
424 1155 477 1230 ice
500 1155 538 1232 ἃ
554 1150 666 1230 telina
678 1151 865 1248 arborum,
879 1149 1106 1228 substantiam
1124 1147 1337 1252 conficiunt,
1352 1152 1497 1230 succino
1515 1150 1743 1259 simillimam,

68 1255 351 1334 testeMattino
411 1257 543 1331 artinio
560 1261 593 1328 in
606 1257 734 1326 Atlante
747 1254 855 1324 Sanco.
890 1279 892 1284 v
1664 1325 1669 1342 Χ
1776 1319 1786 1344 χ

186 1343 286 1432 lutet
300 1353 426 1436 succos
448 1378 600 1453 quoque
616 1347 800 1430 terrestres
815 1347 1016 1428 nobiliores
1034 1349 1085 1428 est
1102 1349 1233 1450 Ambra,
1261 1373 1344 1452 quae
1357 1349 1554 1456 grysta'eli,
1574 1353 1622 1432 de
1642 1357 1744 1456 cujus
1782 1365 1806 1438 4

67 1455 259 1538 natalibus
268 1451 584 1557 variedisputatur.
636 1453 763 1552 Aliqui
773 1453 871 1550 enirn
881 1455 1286 1530 excrementnmavium
1295 1451 1520 1550 quarundam
1529 1454 1758 1556 existimant,-

68 1565 142 1638 alii
155 1557 283 1634 evomi
302 1553 481 1632 abalrenis
496 1551 740 1632 crediderunt.
813 1551 990 1646 Videatur
1014 1551 1149 1650 bullario
1163 1551 1307 1638 Ambra,
1337 1575 1356 1630 a
1378 1549 1479 1647 lusto
1498 1553 1592 1630 Fido
1607 1553 1743 1634 Klobio
1769 1580 1778 1610 ⁸

72 1663 192 1740 edita.
243 1655 357 1748 Nunc
371 1677 463 1732 veto
484 1655 611 1758 Angli,
626 1657 846 1732 invenerunt
859 1651 1052 1752 Ambram,
1068 1651 1151 1754 ipsus
1164 1652 1319 1756 rupibus
1335 1655 1373 1730 in
1387 1655 1478 1730 mari
1491 1651 1748 1757 adnatam‚un·
1857 1659 1861 1664 ’
1895 1651 1900 1659 ’

72 1765 127 1841 de
145 1777 319 1864 apparet,
343 1779 390 1832 ex
407 1751 494 1857 ipsu
507 1755 689 1859 lapidibus
706 1749 941 1854 transsudare,
965 1754 1026 1830 vel
1041 1777 1061 1828 e
1076 1776 1170 1832 terra
1186 1757 1303 1860 gigni.

721 2053 859 2132 CAP.
898 2053 1112 2130 XXXIIX.

88 2323 94 2331 .
207 2223 309 2332 ou
360 2219 718 2347 SALIBUS,
786 2221 894 2328 nu
945 2139 1623 2362 rutatuuogutuatt

247 2386 343 2436 ’“’
507 2417 511 2426 ’
672 2389 1172 2482 DE‘NITRO.
1663 2441 1664 2444 ¹
1782 2445 1784 2453 s

82 2613 113 2716 ξι
154 2639 186 2690 ι.
236 2613 327 2684 Nitra'
339 2591 389 2683 uis
407 2609 748 2707 terrrmfoecundundi.
797 2609 935 2710 Ccnfitrae
957 2609 997 2682 dr
1015 2607 1094 2707 Joh.
1115 2609 1200 2681 Ruri
1214 2603 1364 2680 Glaubm·
1382 2609 1506 2686 Novo
1523 2607 1659 2688 Mundi
1673 2612 1745 2688 Μι-

242 2711 366 2788 r'aculo
380 2707 424 2786 ὅ·
441 2712 542 2782 Gnilh.
560 2713 694 2782 Clarclu'i
705 2707 868 2786 Historia
883 2709 996 2785 Nitri.
1048 2733 1080 2783 2.
1104 2711 1186 2805 Johss
1203 2711 1330 2802 Muyolu
1352 2708 1431 2785 Lib.
1452 2710 1500 2785 de
1524 2711 1640 2788 Nitro
1665 2741 1748 2786 com·
1849 2746 1853 2760 s

188 2883 193 2889 ,
241 2813 420 2897 mandatur,
440 2819 566 2911 ejusque
579 2807 841 2910 Philofitphemrsa
856 2807 901 2884 εἴ
913 2811 1292 2910 Experimentaquaedum
1312 2811 1503 2902 afferuntur.
1555 2837 1588 2910 3.
1616 2819 1747 2887 Nitritm

154 2943 159 2952 .
242 2911 568 3087 ῗτανηὼξνὲἱοῖμηιϋ
577 2909 741 3082 saculares
762 2911 863 3082 {gliris
920 2909 1036 3066 2Pulvis
1055 2913 1170 3005 Pyrius
1190 2934 1209 2979 e
1232 2913 1336 2981 Nitro.
1397 2914 1478 3008 Qut
1503 2917 1568 3010 ejus
1590 2921 1780 3001 inuentor,‘

274 3032 329 3086 art
380 3069 387 3086 .
427 3025 587 3094 cluartz,
613 3035 654 3081 an
703 3034 758 3112 oga*
814 3035 926 3082 cunm.
1066 3066 1068 3070 ,

86 3193 252 3486 Sales
262 3209 306 3288 ad
318 3212 547 3289 metallorum
565 3171 734 3288 familiam
749 3234 770 3286 e
785 3209 993 3314 longinquo
1004 3210 1111 3285 etiam
1127 3209 1322 3311 pertinent,
1345 3205 1393 3284 de
1408 3208 1541 3309 quibus
1557 3239 1752 3320 nuncage·
1792 3238 1808 3292 t

207 3336 300 3388 mus.
350 3311 487 3412 Estque
501 3311 686 3388 interillos
702 3312 835 3388 merito
855 3308 1122 3404 numerandum
1137 3309 1354 3384 NITRUM
1367 3367 1377 3406 ‚
1403 3335 1481 3409 quo
1497 3313 1614 3390 nullus
1628 3319 1745 3419 magis
1950 3339 1951 3347 ¹

210 3409 260 3488 eli
278 3436 345 3513 per
366 3435 498 3488 tetram
514 3411 552 3488 ἃ
565 3421 684 3488 aerem
705 3408 871 3509 diffusus,
921 3431 963 3484 ut
981 3408 1158 3506 aliquibus
1178 3407 1276 3484 reue
1297 3407 1481 3509 salterrae,
1509 3413 1686 3512 aliquibus
1700 3415 1745 3492 sal

208 3525 355 3590 aereum
369 3511 515 3590 dicatur.
566 3509 655 3586 Hoc
667 3534 765 3587 cette
780 3508 847 3585 sale
866 3529 941 3586 totu
959 3529 1052 3584 terra
1075 3507 1318 3606 ftecundatur‚
1333 3509 1372 3585 ἃ
1386 3535 1482 3588 certa
1494 3513 1748 3616 quadantptae·

88 3617 280 3725 paratione
299 3607 606 3714 itaapturipoteli,
622 3633 663 3687 ut
678 3637 792 3690 unum
804 3603 981 3688 frumenti
989 3633 1165 3784 firmum,
1181 3609 1242 3685 illo
1260 3611 1454 3712 imbutum,
1470 3614 1655 3715 viginti&
1674 3640 1750 3690 am.-

89 3722 188 3824 plius
202 3712 514 3816 spicasproducat.
565 3707 979 3811 HincsonrinotusJou.
1025 3733 1086 3784 uo.
1108 3708 1337 3809 Gttuaruus,
1356 3707 1575 3814 Chymicus,
1600 3716 1636 3792 in
1651 3716 1748 3794 libro

91 3811 169 3918 suo,
186 3811 463 3917 queminscribit
476 3822 598 3886 Numam
612 3815 932 3911 mundiMiraculum,
947 3807 1144 3910 subjeetum
1153 3811 1352 3911 aliquodue
1363 3813 1588 3890 menstruum
1602 3821 1748 3893 univer·
1887 3855 1891 3858 ·

91 3923 158 4000 sale
176 3923 213 3996 in
234 3941 280 3991 eo
297 3918 448 4013 quaerit,
475 3914 587 4014 unde,
602 3911 720 3991 nescio
736 3938 844 4012 quos,
855 3933 1147 3989 auteosmontes
1160 3913 1344 4014 pollicitus
1359 3911 1418 3988 est.
1471 3913 1646 3992 Ceterum
1657 3920 1748 3996 mul·
1777 3987 1793 4006 „

91 4046 127 4102 ta
142 4019 223 4098 sunt
242 4021 279 4096 in
300 4013 367 4093 isto
391 4015 486 4095 libro
509 4017 624 4112 utilia,
651 4037 858 4114 quanquam
881 4014 983 4116 plura
996 4010 1113 4088 suavia
1129 4009 1286 4111 somnia,
1310 4013 1442 4112 quibus
1461 4016 1519 4092 ille
1535 4015 1600 4093 libi
1620 4017 1749 4098 &aliis
1815 4081 1817 4088 .

92 4119 276 4226 imposuit.
351 4117 422 4191 Sed
450 4117 605 4192 mutavit
629 4114 705 4216 ipse
724 4113 962 4216 postmodum
982 4110 1204 4194 sententiam.
1252 4111 1402 4216 Scripsit
1424 4118 1464 4188 de
1479 4121 1573 4190 Nitro
1593 4120 1749 4222 Anglica

92 4229 219 4328 lingua
237 4219 373 4294 Guttrt.
391 4213 605 4314 Craucxtus,
627 4245 669 4312 z).
702 4213 871 4290 Medicus
884 4211 1041 4318 Regius,
1068 4211 1266 4329 Libellun,
1290 4216 1423 4314 inquo
1445 4217 1604 4296 recenset
1627 4221 1748 4300 varios
1801 4291 1808 4296 ,

521 4397 529 4406 ,
883 4315 947 4412 (G
953 4314 1036 4417 gg)
1091 4341 1107 4406 ³
1180 4391 1194 4408 .
1636 4321 1748 4416 ‚ejus

135 4452 166 4532 z)
189 4443 289 4508 Gnilh.
310 4445 430 4508 Clareltii
447 4445 567 4524 Historia
580 4441 728 4510 Nuuralis
742 4441 839 4522 Muri,
852 4443 910 4519 stuc
924 4443 1072 4524 Dt‘stursus
1086 4441 1280 4528 Philosttpbilus
1295 4447 1327 4506 de
1343 4447 1470 4526 Nat'uru,
1492 4449 1677 4528 Generatim,
1694 4451 1749 4511 lu·

220 4555 264 4619 to,
283 4531 430 4612 Artificiali
449 4531 637 4604 Fxrruc'lioue,
664 4529 818 4594 turranius
835 4529 870 4610 &1
889 4527 976 4604 bilibus
997 4531 1092 4608 Nt'rri,
1114 4535 1163 4612 qui
1182 4530 1305 4613 Anglice
1323 4535 1451 4595 Londini
1471 4553 1516 4597 an
1536 4535 1627 4618 1670.
1645 4541 1674 4597 iu
1689 4550 1748 4605 suo.

218 4615 377 4699 prodierat,
398 4618 498 4680 Latine
513 4617 596 4676 etiarn
611 4614 704 4695 pollen
717 4617 757 4678 est
771 4619 933 4695 translatus,
953 4617 1116 4700 llamburgi
1131 4638 1175 4680 art.
1194 4615 1284 4701 1675.
1299 4621 1330 4680 in
1348 4625 1376 4697 8.
1391 4623 1490 4685 editus
