3908 5202
556 251 713 336 tibull.
758 243 1208 335 'oecononum
1638 289 1706 366 505

63 423 301 526 rnnthedvix
320 426 624 528 operaepretium
652 422 828 500 fecerunt.
880 423 1054 501 Poterant
1075 422 1131 500 his
1160 418 1245 500 addi
1272 424 1488 531 Geoponici
1510 429 1705 538 natta-es,

63 528 161 626 Cato,
175 527 293 604 Varro
309 525 526 626 Columella,
546 522 734 624 Palladius,
759 521 1037 620 Constantinus,
1060 522 1119 598 sed
1138 523 1193 599 illi
1213 546 1353 620 tantum
1377 553 1517 630 partem
1550 533 1722 638 attigere
1831 569 1835 574 ·

61 627 227 704 dositinte
255 625 480 714 domesticae,
501 647 678 725 quatenus
701 649 747 702 ex
774 628 872 728 agris
896 647 1101 728 proventus
1123 624 1246 700 haberi
1271 625 1437 728 possunt:
1463 630 1608 708 Deinde
1623 661 1703 714 rent

61 727 151 804 istam
167 732 290 830 potius
311 725 477 828 Physrce,
495 739 605 826 qnam
620 725 771 803 Politice
794 726 954 802 trasiant¹
1007 727 1106 802 lnter
1120 725 1357 806 Recentiotes
1379 733 1565 810 neminem
1596 741 1703 818 novit
1823 759 1831 772 ’

57 831 198 906 Gabriel
218 829 417 928 Naudaeus,
432 829 500 903 Vit
515 829 640 904 talium
659 851 782 904 return
803 825 1046 928 peritillimus,
1061 835 1094 897 r'n
1107 824 1336 930 Bibliographt'a
1349 833 1491 917 Politice,
1510 859 1619 934 quam
1633 839 1703 916 Lu.

61 931 139 1006 dov.
152 927 360 1031 Se'ptalium,
376 951 489 1028 quem
499 922 615 1000 librum
628 930 668 1000 dr
683 931 886 1025 rasavtilt'arr'
898 923 1066 1028 scripsisse
1080 929 1139 1024 ait,
1154 929 1192 1002 in
1202 953 1283 1102 ppo
1303 931 1427 1008 omnia
1445 935 1584 1010 minure
1604 937 1708 1016 &di-

60 1032 205 1132 ligenter
221 1027 427 1132 persecutus
451 1027 514 1128 stt,
535 1053 647 1127 quem
672 1051 745 1132 ego
769 1025 943 1103 haetenus
966 1051 1043 1103 non
1063 1025 1150 1101 vidi.
1240 1025 1535 1132 ddiditalterum,
1549 1035 1732 1119 Hieron.-

58 1131 259 1206 Cardanum
274 1133 311 1204 in
329 1137 508 1204 troarnen
522 1131 605 1206 &in
617 1126 697 1201 libro
710 1130 748 1200 dc
764 1132 902 1202 militm
915 1153 955 1200 ex
971 1129 1107 1226 adverssr
1119 1130 1286 1229 rapienda:
1311 1128 1370 1204 sed
1385 1127 1447 1206 ista
1465 1153 1603 1210 tanturn
1619 1163 1704 1240 pau·
1764 1199 1768 1208 .

61 1230 196 1332 casum,
217 1233 255 1308 dt
276 1230 442 1328 quaedam
459 1228 629 1334 specialia.
678 1229 717 1303 si
735 1231 817 1328 quis
839 1251 990 1304 omnem
1016 1228 1114 1302 illam
1133 1250 1249 1303 artem
1271 1229 1568 1311 Oeconomicam
1589 1241 1706 1318 omni
1834 1253 1840 1258 ’

54 1329 120 1408 bus
134 1330 502 1408 numeris'absolutam
526 1329 668 1406 tradere
683 1331 782 1428 velit,
798 1330 961 1428 primum
983 1351 1114 1405 omnes
1134 1328 1302 1430 Reipubl.
1316 1330 1438 1408 Status
1467 1332 1530 1408 sub
1552 1359 1705 1418 examen

60 1429 504 1531 vocaredebetacmodos
521 1428 724 1530 ostendere,
738 1427 1707 1532 quibusdivititedomellicoepolltntconservaridtau·
1799 1485 1803 1491 ·

83 1534 138 1605 eti.
187 1533 292 1628 Nam¹
309 1530 536 1609 conservatio
557 1529 836 1606 domesticarum
862 1553 980 1631 opum
1030 1553 1069 1603 et·
1094 1528 1317 1631 prudentem
1341 1531 1702 1644 administrationem,

57 1553 325 1710 {indumentum
341 1625 390 1708 est
403 1635 524 1708 omnis
538 1633 625 1708 artis
639 1629 909 1708 Oeconomicae
927 1629 965 1706 dt
994 1555 1290 1707 Ehrematillicae.
1340 1631 1430 1732 Ejus
1449 1635 1604 1734 aliquam
1626 1665 1705 1742 par.

58 1754 124 1806 tem
145 1737 297 1838 attigere
319 1731 428 1808 Vltus
449 1731 594 1808 Ludov.
619 1757 639 1808 a
659 1727 897 1828 &effundetis
923 1730 969 1810 lm
986 1729 1166 1828 {trusbut
1185 1729 1482 1844 {itltlitttrsstuuts
1506 1736 1544 1814 dt
1560 1739 1668 1818 Geor
1697 1805 1705 1820 .
1816 1837 1823 1844 .

62 1830 264 1910 Obrechtus
272 1837 314 1909 in
325 1833 457 1933 fieretis
463 1833 531 1933 fitis
544 1835 690 1908 Prinas.
735 1833 808 1910 Sed
823 1833 902 1909 ltaec
919 1833 1044 1933 potius
1063 1830 1108 1906 ad
1133 1829 1411 1911 Oeconomiam
1433 1835 1647 1942 Principum
1666 1770 1705 1924 §t

58 1931 164 2009 Status
180 1939 377 2037 pertinent,-
391 1935 567 2033 cujusalta
581 1935 674 2010 tatio
687 1933 844 2008 ineunda
867 1931 929 2028 est,
947 1955 1057 2030 quam
1081 1933 1312 2032 privatorum
1372 1961 1553 2034 uunquam
1574 1941 1612 2018 dt
1627 1945 1706 2023 hare

59 2033 115 2108 illis
131 2033 327 2135 subveniat,
351 2036 472 2132 illique
488 2033 881 2132 defraudentutsarpe,
901 2031 928 2106 fi
947 2031 1124 2107 erarium·
1137 2035 1260 2110 omnia
1275 1997 1325 2112 acl
1344 1961 1379 2110 le
1399 2040 1522 2139 rapiat.
1575 2041 1707 2122 Potior

56 2134 170 2212 lllaars
184 2138 265 2235 erit,
282 2161 366 2234 quae
381 2137 612 2236 privatorum
626 2133 898 2209 Oeconomiam
912 2129 1104 2205 emendate
1121 2129 1240 2208 docet.
1289 2135 1391 2210 Nam
1410 2139 1525 2212 actarii
1546 2143 1705 2246 augendi
1806 2225 1840 2238 Ἰ,

57 2255 141 2314 artes
157 2234 238 2314 satis
258 2260 326 2339 per
340 2234 375 2309 se
396 2257 495 2311 notae
509 2233 603 2334 sunt,
619 2255 687 2309 nec
707 2227 828 2338 potest
843 2227 1165 2322 illudlabontre,s1
1187 2229 1320 2310 divites
1334 2232 1416 2356 supr
1432 2238 1558 2316 cives.-

152 2435 294 2556 Qroad
306 2437 429 2510 reditus
443 2437 682 2512 Provinclarum
692 2433 731 2507 in
744 2449 880 2536 genere
895 2431 1156 2532 consideratos,
1173 2430 1298 2511 omnia
1311 2434 1458 2538 debent,
1468 2441 1733 2550 circumspici,3

58 2537 232 2640 sttusloct,
248 2539 329 2616 eteli
351 2537 481 2634 Clima,
497 2537 622 2634 maria,
637 2545 745 2610 tettae
759 2532 933 2632 fertilitas,
952 2533 1132 2612 artificum
1154 2537 1285 2636 peritia
1309 2538 1347 2616 dt
1376 2543 1495 2644 copia.
1519 2577 1522 2590 ¹
1543 2543 1706 2628 Deberet
1736 2585 1739 2592 ·

57 2640 311 2740 Histoffiajzffim
326 2639 516 2744 generalis,
533 2661 642 2736 qnam
663 2634 834 2737 specialis,¹
850 2639 1019 2712 omniurn
1035 2639 1355 2724 commerciorum,
1376 2641 1572 2746 diligenter
1593 2649 1706 2726 eonfi-

59 2745 164 2842 gnari.
218 2743 260 2818 ln
274 2739 434 2844 generali
448 2734 599 2813 notandi
614 2734 724 2810 essent
744 2758 860 2832 ottus,
868 2733 1097 2909 progressus,
1125 2735 1347 2814 &interitus
1370 2739 1706 2852 Commetciorum,

60 2844 289 2944 migrationes
303 2844 393 2917 item
412 2838 450 2914 ὃ(
465 2836 542 2914 sata.
593 2835 636 2910 ln
655 2833 798 2936 speciali
813 2835 865 2910 Hi
896 2840 973 2910 otia
988 2833 1210 2938 lingularum
1231 2840 1422 2936 mercium,
1455 2846 1562 2924 variis
1590 2851 1628 2923 in
1653 2877 1707 2926 re-

83 2943 223 3020 ionibus
238 2940 549 3043 provenientium,
563 2935 691 3012 notitia
706 2933 912 3038 consignati
925 2934 1085 3013 deberet.
1135 2935 1192 3010 nc
1214 2935 1324 3013 essent
1346 2939 1496 3036 quidam
1516 2939 1597 3021 libri
1620 2949 1707 3028 Col·
1777 3001 1779 3006 ·

58 2963 199 3119 ledanei
216 3041 382 3138 faciendi,
397 3042 435 3115 in
452 3038 585 3138 quibus
601 3035 807 3140 colligenda
822 3039 959 3136 omnia,
975 3059 1053 3113 tum
1074 3057 1120 3113 ex
1136 3036 1329 3114 ltinetariis
1344 3040 1558 3142 novisstmis,
1572 3047 1609 3122 in
1628 3053 1707 3148 qui-

60 3137 120 3218 bus
140 3163 404 3240 nonnunquam
420 3141 531 3216 multa
550 3138 656 3238 hujus
675 3139 761 3214 artis
776 3136 1000 3238 produntur,
1023 3159 1104 3212 tum
1125 3161 1170 3212 ex
1187 3137 1434 3240 relationibus,
1462 3145 1520 3218 vel
1538 3148 1703 3252 publicis,

59 3244 111 3316 vel
127 3242 282 3342 secretis,
296 3243 394 3318 unde
412 3239 620 3344 prospicere
637 3239 720 3337 quis
734 3236 856 3338 possit,
872 3237 962 3334 quid
982 3241 1019 3311 in
1039 3263 1118 3312 rem
1147 3235 1243 3312 suam
1266 3263 1408 3316 vertere
1428 3267 1545 3339 queat.
1596 3247 1706 3328 Deni-

58 3365 124 3437 que
138 3345 262 3422 omnia
280 3341 604 3420 Commetciorum
648 3333 934 3416 eneracutiolius
950 3336 1188 3440 pervestigari
1203 3338 1350 3439 debent,
1361 3343 1517 3439 quaescil.
1534 3371 1579 3421 ex
1590 3347 1707 3428 wCom-

60 3448 196 3522 merciis
210 3467 335 3520 return
352 3445 566 3520 naturalium
581 3363 646 3514 vel
658 3435 895 3513 artificialium
920 3437 1132 3536 commoda,
1160 3438 1219 3512 vel
1242 3439 1397 3543 integrae
1422 3444 1527 3520 alicui
1554 3451 1703 3554 nationi,

61 3546 113 3619 vel
132 3545 297 3648 privatio,
318 3541 569 3644 exspestanda,
591 3537 683 3638 quid
698 3537 890 3614 conserant
907 3540 945 3612 in
962 3537 1242 3640 Rempublicnm
1257 3538 1463 3643 Societates,
1484 3543 1509 3618 fi
1527 3545 1703 3630 instituam

61 3655 290 3748 tut,q'uarum
309 3641 509 3720 commoda
524 3664 621 3718 nunc
634 3640 710 3716 alite
727 3641 846 3736 etiam,
861 3659 997 3740 praeter
1008 3637 1176 3740 Batavos,
1194 3661 1324 3741 gentes
1342 3641 1611 3747 persentiscunt,
1622 3652 1707 3729 Gal-

62 3741 82 3814 li
97 3747 274 3850 inprimis,
290 3747 354 3844 qui
368 3769 484 3842 novas
499 3741 695 3818 Societates
712 3758 925 3833 erexerunt,
950 3739 996 3812 de
1012 3762 1166 3836 quatum
1182 3737 1408 3817 Institutione
1428 3741 1616 3847 stngularis
1635 3757 1706 3826 Dis-

55 3841 181 3936 sertatio
201 3848 420 3922 Germanica
438 3845 562 3946 lingua
576 3839 730 3944 prodiit,
746 3839 861 3934 eJolt.
878 3837 1091 3940 Christoph.
1115 3839 1364 3942 Wagenseilio
1383 3841 1522 3945 scripra'.
1574 3849 1706 3933 Suadet

64 3943 154 4025 Baro
170 3947 402 4022 Verulamius
423 3946 567 4047 populo
587 3944 702 4040 alicui,
721 3939 766 4016 ad
781 3963 873 4042 opes
888 3939 1074 4042 parandas,
1087 3961 1128 4014 ut
1142 3938 1251 4016 solers
1275 3940 1318 4017 stt
1339 3943 1377 4016 in
1395 3945 1624 4028 inveniendis
1641 3978 1706 4032 no·
1784 3959 1789 3964 ’

65 4048 115 4122 vis
135 4071 343 4151 pannorum
367 4045 565 4148 genetibus
583 4044 772 4119 variorum
797 4042 985 4136 colorum,
1009 4043 1192 4138 variatque
1213 4063 1384 4131 texturoe3
1427 4045 1530 4143 quod
1555 4059 1706 4158 egregie

66 4171 155 4226 nunc
174 4170 313 4225 norunt
329 4147 426 4221 Galli
444 4147 482 4222 dt
496 4146 632 4248 Belgae,
656 4142 788 4241 quibus
812 4165 954 4244 magnae
980 4141 1066 4216 inde
1085 4162 1256 4242 parantur
1275 4141 1422 4226 divitiae.
1473 4143 1628 4251 Eorum,
1644 4158 1708 4253 qui

65 4244 260 4326 Historiam
281 4245 467 4348 specialem
490 4245 811 4320 Commetciorum
838 4244 958 4344 gentis
981 4243 1127 4341 alicujus
1154 4239 1380 4342 scripserunt,
1399 4247 1582 4324 neminem
1605 4258 1708 4334 novi.

67 4347 218 4454 Anglica
234 4349 357 4451 lingua
374 4345 525 4446 quidem
538 4343 689 4446 scriptus
705 4341 755 4418 est
771 4343 874 4440 libet,
887 4345 945 4417 cui
966 4341 1107 4417 titulus:
1129 4333 1286 4440 Englands
1301 4343 1461 4442 Treafirro
1476 4347 1604 4445 inquo
1622 4375 1708 4452 pau·

67 4473 102 4525 aa
116 4448 281 4552 quaedam
301 4445 481 4624 ltfipentur
500 4445 548 4521 de
569 4445 783 4550 Anglorum
807 4441 1060 4643 Οοιηηέιὲκὶίῗ.
1107 4441 1234 4550 Belgae
1259 4441 1461 4525 admodum
1479 4447 1594 4524 celant
1612 4471 1707 4630 ospes

174 4554 288 4632 Tou,
365 4603 374 4622 ‚
436 4567 444 4578 ·
658 4634 663 4644 x
983 4565 1023 4619 ss
1659 4579 1708 4656 es,
