3876 5234
572 257 652 363 cap.
671 259 750 342 ιιι.
766 259 824 340 m
837 254 922 340 ctu
935 255 976 356 ,5
991 259 1112 340 neres.
1352 349 1359 358 ,
1467 342 1469 356 ,
1616 283 1687 356 329
1808 234 1835 276 ·’

48 439 125 520 rlsns
137 435 201 519 elie
216 435 351 544 potul,
367 437 417 519 ob
433 436 655 544 vicinitatem
671 427 879 532 satellitum,
894 460 989 540 quos
1011 437 1106 516 adeo
1121 433 1306 538 dislinile,
1322 437 1373 518 ob
1386 439 1534 522 nimiam
1552 439 1687 524 distan-

48 555 126 632 tiam,
141 541 263 622 videre
275 565 356 622 non
370 541 567 646 possumus.
619 545 716 620 Mars
730 541 838 620 instar
852 542 988 620 montis
1003 541 1183 620 'turbinata
1199 540 1359 644 figurate
1373 543 1579 647 pyramidali
1595 571 1686 624 con·

48 647 179 751 spicitur.
231 645 335 726 Luna
349 641 572 724 anfrailuosa
592 663 670 724 tota
686 645 751 737 est,
772 643 1005 764 partibusque
1027 643 1331 724 eminentioribus
1347 672 1389 724 ac
1410 647 1686 752 depressioribus

47 773 145 829 tumet
159 773 199 827 ac
214 746 377 842 subsidet,
392 747 440 826 de
454 773 525 850 qua
539 767 644 826 antea
667 747 817 848 egimus,
840 745 961 850 &legi
1010 747 1104 824 otest
1123 746 1317 837 Herelius,
1350 747 1399 842 dt,
1413 749 1569 852 quiante
1587 751 1687 832 illum

48 851 176 956 scripsit,
191 852 408 930 Galilaensrn
423 851 609 947 Nuruiofiro
629 853 764 926 Siderea.
816 852 873 927 Dc
889 773 1029 952 ungusta
1045 849 1129 928 vide
1150 850 1358 930 Matthaeum
1376 852 1567 954 hippurim
1582 851 1622 932 in
1637 857 1687 930 de-

48 961 157 1030 tersione
170 957 308 1057 dioprr'ca
324 973 484 1058 corporum
502 960 769 1044 Planetarlrrum,
783 949 821 1030 ἃ
837 953 1082 1055 Lipstorpium
1098 965 1134 1027 in
1150 959 1312 1058 Caperniro
1327 957 1480 1031 sitdiur'vo
1496 985 1521 1032 c.
1531 985 1563 1053 3.
1595 953 1688 1036 Stel·

50 1059 87 1134 las
98 1079 218 1134 omnes
233 1055 389 1142 moveri,
406 1055 727 1154 Peripateticorum
735 1053 864 1133 Schola
878 1052 937 1152 ait,
952 1054 1174 1133 recentiores
1188 1077 1312 1134 autern
1327 1055 1566 1136 vehementer
1585 1055 1690 1137 dubia

48 1184 118 1239 unt.
169 1163 226 1238 De
241 1153 390 1236 Planetia
405 1159 557 1240 dubium
572 1157 721 1260 quidem
737 1179 815 1238 non
830 1157 894 1250 est,
906 1155 979 1235 sed
997 1155 1045 1234 de
1066 1154 1172 1233 stellis
1187 1155 1265 1238 lixis
1280 1183 1407 1260 magna
1428 1160 1482 1238 est
1495 1159 1689 1266 disputatio

51 1273 127 1342 inter
141 1261 400 1363 Copernicaeos
416 1261 452 1342 ἃ
468 1263 566 1360 aiios,
581 1285 738 1364 quorum
753 1259 801 1336 ilii
814 1279 947 1337 terram
961 1258 1283 1354 mouerialierunt,
1303 1261 1411 1338 stellis
1426 1259 1504 1340 fixis
1518 1263 1555 1340 in
1572 1286 1691 1342 extre·

50 1393 94 1442 na
109 1364 244 1468 sphaera,
258 1390 299 1444 ac
315 1365 399 1442 Sole
412 1366 453 1444 in
468 1384 598 1444 centro
611 1360 779 1455 univerit,
795 1360 922 1464 jugiter
944 1357 1229 1464 quiescentium
1273 1363 1333 1442 De
1354 1387 1424 1466 qua
1446 1361 1620 1446 sententia
1636 1372 1692 1444 vi·

51 1469 194 1546 dabimus
215 1493 280 1574 cap.
294 1470 340 1542 de·
352 1477 463 1544 Terra.
539 1467 657 1574 Qiod
680 1465 898 1543 srnrulorum
918 1465 1144 1544 Planetarum
1164 1485 1289 1544 motus
1310 1467 1452 1564 attinet,
1467 1466 1607 1546 docent
1621 1491 1691 1546 nos

52 1571 115 1648 librl
129 1569 387 1664 Astrouomici,
403 1577 469 1673 qul
486 1572 510 1650 lr
561 1567 702 1648 othelee
718 1531 792 1650 liras
807 1567 947 1670 prolixe
962 1565 1040 1646 satis
1087 1586 1291 1669 reponunt.
1340 1567 1399 1646 Ab
1421 1591 1576 1675 externo
1590 1577 1694 1687 prin·

54 1673 135 1776 cipio
155 1671 248 1765 illos,
264 1672 301 1750 ἃ
315 1697 446 1752 omnes
459 1675 511 1751 sle
526 1675 588 1765 las,
603 1671 746 1749 moveri
767 1669 978 1749 Aristoteles
993 1591 1176 1768 credebat,
1198 1667 1401 1772 &quidem
1422 1671 1467 1748 ab
1490 1671 1696 1776 intellrgen·

53 1776 108 1874 tiis,
124 1801 203 1878 qua
216 1775 366 1854 orbibus
383 1776 464 1866 suia,
480 1775 592 1854 veluti
607 1799 699 1854 rotoe
712 1771 867 1860 cuidam,
881 1769 1002 1866 affixa,
1024 1765 1163 1874 semper
1177 1769 1256 1850 illos
1271 1772 1489 1868 noluerent,
1504 1797 1545 1854 ut
1561 1775 1697 1878 Dioge·

54 1903 104 1956 nes
117 1878 255 1958 dolium
275 1876 388 1959 suum.
438 1880 510 1958 Sed
527 1879 650 1981 inepta
665 1878 747 1958 sunt
765 1897 984 1977 argumenta,
999 1874 1130 1976 quibus
1146 1872 1201 1952 illa
1218 1873 1490 1955 confirmantur.
1545 1877 1587 1954 ld
1603 1903 1699 1980 quo·

55 2005 111 2082 que
127 1977 248 2060 salsum
263 1981 327 2078 esi,
341 1980 444 2084 quod
460 1981 554 2060 duos
570 1978 771 2060 contrarios
784 1999 907 2056 motus
922 1977 1020 2055 aslris
1033 1974 1239 2055 tribuerint.
1291 1979 1391 2056 Serio
1407 1977 1508 2056 enim
1517 1978 1557 2055 id
1572 1978 1700 2059 desen·

55 2087 124 2160 dere
138 2085 242 2171 velle,
258 2107 336 2162 non
352 2087 405 2166 est
419 2084 493 2166 fide
507 2086 670 2188 dignum,
685 2108 727 2160 ac
740 2083 858 2183 aliqua
872 2078 1013 2158 ratione
1028 2077 1222 2156 verisimile.
1276 2081 1328 2157 Ex
1352 2078 1542 2183 hypothesi
1559 2077 1703 2160 Mathe·

56 2187 174 2273 narica,
189 2186 238 2284 ad
255 2185 475 2276 intelletlum
502 2185 724 2290 quarundam
747 2181 1117 2272 demonstrationum,
1137 2180 1215 2258 talia
1231 2179 1368 2284 fingere
1388 2183 1531 2260 licitum
1545 2181 1608 2259 est.
1660 2179 1703 2258 ld

57 2313 129 2366 vero
143 2289 187 2366 ad
205 2285 367 2389 Phyficas
384 2297 552 2370 veritates
567 2285 750 2380 transferri
765 2308 843 2362 non
867 2282 990 2364 debet.
1043 2281 1153 2360 'Sicut
1176 2283 1275 2359 enim
1298 2283 1437 2364 nullum
1453 2308 1588 2386 corpus
1602 2279 1705 2362 srmul
1742 2289 1746 2294 '

57 2392 92 2468 ad
106 2391 264 2470 dextram
280 2391 452 2473 &lavam
469 2393 608 2472 moveri
652 2389 747 2467 otest
759 2386 831 2466 stne
847 2407 951 2466 motu
974 2379 1202 2486 interrupto,
1217 2405 1278 2463 rut
1302 2382 1363 2490 ipl
1420 2410 1554 2490 orpora
1578 2407 1705 2490 rupto,

58 2493 95 2570 ita
109 2495 152 2572 de
166 2494 276 2574 stellis
290 2497 379 2577 illud
396 2521 444 2575 ne
459 2415 659 2598 cogitanrsb
674 2489 824 2594 quidem
845 2486 994 2591 concipi
1015 2489 1155 2591 potest,
1176 2486 1314 2589 solique
1335 2489 1388 2567 ta'r
1416 2489 1492 2567 'tati
1526 2493 1707 2594 corporis,

59 2598 146 2691 cuius
159 2621 284 2678 motus
299 2601 345 2680 ad
359 2599 457 2680 aliud
470 2618 710 2702 comparatur,
725 2589 999 2671 adscribendum
1019 2587 1084 2674 est.
1136 2589 1235 2670 Huic
1255 2585 1432 2692 figmento
1448 2591 1629 2694 originem
1645 2589 1708 2668 dat

59 2697 161 2778 sabula
175 2699 226 2780 de
240 2725 275 2780 ra
305 2729 345 2782 tu
360 2706 382 2781 S
409 2705 598 2789 baerarum,
612 2698 647 2778 sa
661 2691 1056 2786 mutuoambientium,
1069 2691 1133 2770 ubi
1148 2691 1345 2774 exteriores
1360 2695 1592 2797 tyrannidem
1606 2699 1710 2772 exer-

60 2825 133 2880 cent
147 2803 184 2884 in
200 2729 358 2886 subibas
372 2729 432 2886 sgu
447 2803 648 2918 inferiores,
663 2797 888 2915 cumpotius
901 2817 1031 2874 omnes
1045 2792 1150 2872 stellae
1172 2792 1288 2873 libero
1309 2797 1489 2902 gaudeant
1513 2819 1640 2894 motu,
1663 2797 1714 2878 ita

61 2925 181 3006 nmen,
194 2932 247 2986 ne
262 2907 440 2989 ordinatis
456 2906 524 2996 suia
538 2905 672 2984 samrtis
687 2897 869 2980 excrdant.
980 2955 985 2965 .
1024 2993 1030 2998 ‚

149 3110 320 3192 Dubitari
333 3115 440 3189 ctiam
456 3111 505 3190 de
526 3109 643 3188 Stellit
664 3105 827 3200 solet‚an
841 3131 944 3178 amner
964 3106 1059 3175 sutem
1079 3097 1214 3173 labeant
1233 3109 1413 3204 propriam.
1498 3102 1554 3180 Ac
1569 3098 1715 3179 desole
1755 3144 1782 3221 7

9 3261 10 3264 ι
63 3213 214 3314 quidem,
230 3211 267 3291 dt
282 3213 398 3290 Stellie
411 3215 502 3307 fixis,
516 3215 572 3291 'res
586 3209 755 3314 expedita
777 3206 845 3310 esta
872 3204 920 3282 de
941 3203 1093 3282 Planetie
1116 3199 1270 3278 dubitari
1291 3202 1401 3290 solet,
1417 3205 1612 3303 quoniam,
1637 3225 1718 3305 que

64 3318 217 3419 proxima
236 3315 344 3397 nobis
361 3317 442 3395 luna
457 3317 522 3417 est,
536 3316 599 3394 sub
614 3309 753 3416 Eciipfi,
767 3309 831 3388 ubi
847 3306 1015 3385 nimirum
1024 3302 1240 3407 praepeditur
1253 3325 1355 3382 terra:
1366 3305 1717 3408 irrterceffione,quo

65 3422 172 3502 minus
188 3419 251 3499 Sol
268 3437 413 3520 apertos
428 3427 467 3498 in
483 3444 562 3498 eam
575 3413 694 3495 radios
709 3411 871 3489 derivare
919 3406 1011 3506 ussit,
1025 3403 1211 3483 obscuram
1233 3405 1270 3483 ἃ
1292 3405 1480 3487 subruflbm
1495 3407 1615 3494 lucem
1633 3413 1722 3486 teti·

67 3547 134 3610 net,
148 3549 229 3628 quae
243 3543 366 3601 tamen
380 3521 453 3626 lpsa‘
465 3523 560 3602 lune
574 3541 652 3596 non
666 3511 856 3592 vernacula
870 3433 953 3604 ese,
975 3506 1035 3587 sed
1055 3529 1122 3610 per
1143 3505 1379 3588 reflexionem
1413 3516 1610 3614 peregrine
1631 3510 1723 3588 lucia

67 3628 202 3707 excitari
219 3623 390 3704 creditur,
465 3622 633 3704 Nimium
655 3616 716 3696 srm
744 3613 829 3694 licea
852 3611 952 3698 sunt,
967 3608 1031 3713 qui
1051 3633 1158 3690 exeo
1174 3611 1343 3700 credunt,
1365 3611 1459 3690 lunae
1474 3612 1598 3690 lumen
1614 3603 1724 3691 inesse

69 3732 264 3833 proprium,
280 3727 383 3830 quod
399 3726 581 3831 Scriptura
595 3641 792 3802 iterassem
805 3723 906 3792 lunren
923 3726 1034 3831 ,uriam
1054 3715 1173 3828 vocet.
1252 3715 1350 3792 Nam
1365 3734 1406 3794 ea
1421 3713 1614 3819 appellatio
1630 3715 1726 3794 lunae
1882 3787 1884 3794 .

70 3836 169 3912 etiam
183 3852 401 3934 competere
417 3830 556 3935 potest,
579 3835 759 4007 guatenus
780 3837 991 3898 mutuautro
1014 3815 1150 3892 lumine
1170 3809 1344 3920 splendet.
1438 3815 1604 3896 uomodo
1619 3813 1730 3895 resse

71 3959 147 4018 cum
169 3935 247 4016 aliis
263 3933 416 4014 Planetis
431 3932 571 4025 habeat,
611 3925 728 4005 eliniri
741 3923 902 4002 humano
918 3914 1069 4020 ingenio
1085 3939 1164 3994 non
1177 3919 1310 4018 potest,
1325 3943 1414 3998 num
1427 3919 1439 3994 i
1454 3915 1495 3998 lis
1512 3915 1612 4022 inlita
1626 3943 1727 4024 quat·
1744 3945 1749 3952 ·

71 4045 148 4122 tlrm
162 4042 226 4122 lux
239 4035 291 4130 srr,
306 4055 367 4118 aut
383 4035 505 4115 omnis
517 4027 731 4112 mutuatitia.
781 4025 896 4120 Certe
912 4021 1157 4134 Venusaqtre
1172 4019 1295 4122 phasec
1309 4019 1384 4100 suas
1406 4023 1604 4111 monstrat,
1618 4048 1660 4102 ac
1675 4021 1733 4100 lu·

73 4170 126 4238 nr,
140 4169 181 4226 ut
200 4145 325 4244 itaque
342 4136 528 4233 uerisimile
543 4134 594 4228 srt,
608 4155 689 4211 non
703 4126 805 4206 aliam
820 4123 889 4204 elie
905 4145 1072 4228 corporis
1090 4144 1166 4216 erue
1190 4122 1513 4216 constitutionem,
1528 4149 1637 4228 quam
1652 4145 1735 4228 que

74 4249 123 4326 esi
143 4250 314 4350 corporis
329 4242 471 4322 lunaria.
519 4239 580 4316 De
594 4256 719 4313 cetero
735 4253 863 4308 terum
877 4250 948 4330 ego
963 4222 1141 4316 existimo,
1149 4223 1254 4324 quod
1268 4223 1359 4302 Rob.
1373 4227 1536 4330 Boylius,
1550 4239 1587 4302 in
1601 4229 1681 4305 lilro
1697 4227 1737 4302 de
1772 4223 1775 4228 ’
1923 4309 1924 4322 Ν

76 4353 169 4452 cosm.
185 4345 432 4456 qualitatium
445 4340 609 4423 motibus
622 4355 821 4440 corporum
848 4329 1051 4408 coelestium
1072 4325 1224 4405 nimium
1247 4351 1317 4404 nos
1337 4325 1405 4407 elie
1422 4328 1616 4420 credulos,
1631 4327 1669 4406 ἃ
1682 4347 1741 4405 re·

79 4455 227 4536 lliorem
240 4449 347 4531 nobis
362 4447 531 4528 ordinem
546 4459 656 4544 atque
675 4435 937 4518 accuratiorem
959 4433 1166 4532 imaginari,
1181 4452 1291 4531 quarn
1306 4428 1337 4509 is
1358 4455 1482 4512 revera
1497 4431 1558 4510 est.
1610 4433 1746 4532 Neque

81 4560 174 4638 enim
190 4550 410 4658 hypotheses
426 4549 692 4628 Altronomicat
705 4539 799 4618 adeo
816 4535 939 4616 saliere
952 4529 1205 4652 nonposiunt,
1220 4553 1273 4636 ut,
1289 4557 1369 4638 que
1388 4558 1488 4621 extra
1501 4532 1659 4639 systema
1673 4531 1748 4614 Pla·
1769 4551 1775 4556 ·

82 4660 259 4746 netarium
273 4656 376 4752 sunt,
390 4647 612 4742 cerritudbrc
625 4640 881 4735 mathematica
894 4637 1192 4726 determinent,
1303 4707 1307 4712 .
1587 4725 1589 4730 ἢ
1747 4737 1751 4746 Ι

180 4761 303 4854 Tolli,
316 4759 363 4858 ll,
400 4855 406 4862 =
477 4845 480 4852 ,
953 4735 1064 4841 (Ti)
1560 4801 1563 4804 ,
1682 4740 1748 4819 Ga.
