3908 5202
287 327 360 412 tir
427 385 429 398 .
602 279 611 412 '2
710 299 909 412 rupti.
928 273 1121 408 ritmo.
1149 301 1294 400 ‚trusit
1320 303 1427 388 tarr.
1442 305 1494 386 u..
1570 365 1577 372 .

288 478 516 567 accidentalis
535 470 692 554 omnino
703 473 769 575 est,
783 476 876 551 ratio
891 473 1054 552 formalis
1069 473 1190 554 sensus
1201 472 1369 554 cordidit.
1443 477 1666 564 Siinlueem
1679 475 1912 580 prodiissetio·
1938 563 1939 580 ,

234 593 244 598 ’
288 583 418 658 hannis
436 575 759 680 AlphonstBorelli
773 577 911 653 liberoso
924 573 1086 648 Montibus
1099 579 1279 650 animalium
1289 587 1325 671 ii)
1349 579 1464 654 multa
1480 577 1734 661 etcveohautite
1748 579 1912 682 possemus,

292 683 340 760 ad
360 679 556 782 perfedam
575 675 778 754 sensationis
798 676 1094 754 declarationem:
1118 675 1197 753 satis
1211 679 1309 760 enim
1324 699 1369 753 ex
1389 679 1483 754 libro
1501 681 1577 779 ejus
1590 682 1913 783 donoruprojenorn
1938 669 1939 706 ¹

258 795 262 804 ’
292 781 481 886 singularis
494 779 601 876 hujus
615 779 698 851 Viri
711 775 876 882 segucitas
891 798 999 878 patet.
1051 777 1150 881 Qae
1169 776 1216 852 ad
1234 773 1373 853 sensum
1393 783 1634 878 requirantur,
1656 779 1800 858 tradunt
1813 805 1913 858 omnes
1938 779 1939 864 J

294 885 402 959 etiam
420 877 684 980 compendiarii
703 876 876 954 Antores.
926 877 1177 975 Requiruntut
1197 876 1241 952 sc.
1257 875 1372 976 objessa
1386 881 1497 966 medin,
1521 877 1566 956 θ’
1584 907 1721 982 organa,
1745 877 1913 979 dequibus

295 977 569 1059 cumulatissime
584 1027 593 1051 t
634 999 699 1053 unt
713 1000 864 1076 omnes,
878 976 1035 1076 ideoque
1050 1003 1126 1054 non
1147 975 1197 1053 est
1213 975 1393 1055 necessum
1414 979 1549 1084 illaltic
1563 1003 1752 1086 repetere..

233 1113 257 1166 2
287 1085 290 1110 '
398 1078 580 1157 Omnium
610 1077 758 1154 ensuum
778 1075 1013 1152 nobilissimus
1027 1074 1182 1180 estoifio,
1218 1079 1278 1154 cui
1303 1078 1509 1157 excolendo
1526 1075 1667 1184 integra
1691 1080 1863 1184 disciplina
1879 1084 1912 1156 in·

294 1201 404 1258 venta
422 1176 485 1280 cll,
508 1177 644 1284 Optica
663 1177 732 1254 scil.
753 1175 951 1254 vastissimis
965 1178 1215 1256 voluminibus
1229 1181 1382 1274 exculta.
1408 1233 1410 1238 -
1434 1179 1507 1256 Hic
1524 1205 1624 1257 acres
1640 1181 1720 1260 sunt
1742 1181 1800 1258 dis
1820 1185 1912 1258 utorio

294 1305 360 1360 nes
373 1280 420 1358 de
433 1281 573 1356 ratione
590 1277 750 1378 visionis,
764 1304 810 1356 an
822 1279 887 1356 fiat
904 1303 971 1380 pet
985 1277 1224 1378 emissionem,
1237 1303 1282 1354 tn
1299 1282 1551 1380 receptionem
1572 1281 1773 1382 radiorum,
1792 1209 1864 1358 deri
1876 1308 1912 1356 au·

294 1403 371 1458 tem
386 1405 454 1483 per
469 1402 659 1478 utramque
674 1377 879 1457 verosimile
894 1377 953 1456 est.
1005 1379 1167 1456 Pertinet
1181 1378 1253 1457 huc
1269 1401 1345 1456 tota
1360 1380 1406 1456 de
1421 1379 1605 1459 coloribus
1622 1380 1799 1481 dodina,
1813 1381 1913 1482 quaeed

293 1479 429 1586 species
442 1477 581 1558 senstles
598 1483 673 1558 aliis
690 1481 854 1558 refertur.
905 1479 1068 1558 Pertinet
1082 1479 1155 1554 huc
1174 1501 1252 1556 tote
1265 1477 1494 1582 speculorum
1511 1481 1692 1582 dositina,
1724 1483 1873 1560 dostrina
1884 1481 1912 1556 de

252 1665 254 1670 ,
293 1582 403 1660 oculo
419 1583 519 1686 item,
535 1583 685 1682 ejusque
706 1581 881 1684 partibus,
894 1605 977 1680 quoe
992 1583 1115 1656 omnia
1128 1579 1235 1683 plena
1249 1604 1360 1658 manu
1375 1579 1513 1684 Oprici'
1522 1583 1683 1660 Antores
1698 1583 1824 1662 serunt.
1857 1585 1910 1658 Per·

288 1685 386 1764 tinet
401 1685 507 1758 etiam
528 1683 600 1758 huc
619 1679 785 1760 dodti‘na
802 1681 848 1759 de
867 1683 1011 1782 lumine.
1063 1683 1119 1757 Ut
1135 1677 1339 1760 enimvisto
1361 1679 1433 1783 fiat,
1456 1681 1619 1760 medium
1635 1683 1864 1764 illuminatum
1874 1706 1910 1759 ne·

115 1829 121 1836 ·
181 1809 185 1816 ·
292 1780 551 1860 cesserittmell.
1522 1783 1566 1845 ,’

152 1973 157 1984 ¹
236 1897 256 1968 3
370 1901 374 1908 ·
396 1875 532 1955 lirinus
544 1883 634 1959 alter
648 1881 764 1959 sensus
784 1901 954 1958 externus
973 1875 1035 1978 est,
1049 1880 1151 1979 cujus
1166 1879 1292 1957 itidem
1309 1880 1497 1982 peculiaris
1514 1877 1697 1986 disciplina
1713 1883 1910 1984 dntut,quun

297 1985 456 2072 desertio
479 2007 610 2060 vocate
627 1981 749 2086 possis,
771 2007 847 2082 quo
865 1981 1025 2084 generali
1043 1981 1149 2058 titulo
1166 2005 1244 2058 non
1262 1977 1393 2056 musice
1409 2003 1560 2081 tantum,
1580 2009 1664 2084 quae
1680 1985 1837 2063 versatur
1848 1990 1910 2060 cira

294 2083 403 2160 sonos
420 2085 665 2184 harmonicos,
681 2083 739 2160 sed
757 2105 886 2160 omnes
903 2079 994 2180 soni,
1002 2078 1378 2183 comprehenduntur.
1387 2080 1547 2160 Pertinet
1556 2083 1809 2164 huc-mirabilis
1817 2089 1862 2164 illa
1872 2109 1909 2162 ru·

294 2188 344 2261 ris
362 2183 550 2284 slrusluta,
568 2211 675 2284 quam
695 2183 903 2261 Anatomici
917 2183 1024 2258 nobis
1039 2180 1258 2284 depingunt.
1308 2179 1479 2258 coecilius
1526 2183 1698 2264 roesertim
1710 2185 1910 2284 Folius,Equ

295 2287 472 2384 Venetus,
487 2288 587 2385 cujus
609 2309 705 2362 extat
723 2291 812 2359 Nova
826 2294 956 2357 interno
978 2291 1066 2358 auro
1085 2284 1258 2367 delineatio,
1278 2308 1321 2358 tx
1341 2291 1463 2356 ratione
1482 2208 1647 2380 illucent
1664 2288 1791 2364 modum
1806 2288 1910 2370 Aristo

292 2385 510 2482 diniensium,
524 2389 689 2462 Veneriis
702 2410 799 2461 anno
821 2392 924 2480 1645.
941 2384 978 2458 in
993 2405 1059 2470 410
1074 2383 1178 2460 edita.
1228 2381 1346 2483 Cujus
1366 2387 1496 2486 organi
1512 2389 1676 2488 potentia
1689 2411 1766 2464 arte
1782 2385 1910 2484 etiamju·

291 2490 370 2561 vati
392 2485 521 2586 potest.
569 2486 689 2587 Quale
708 2481 986 2558 instrumentum
1001 2481 1135 2558 habent
1150 2481 1313 2588 Hispani,
1329 2486 1403 2584 qni,
1419 2479 1553 2584 praeter
1573 2485 1791 2590 perspicilla,
1814 2483 1867 2564 fibi
1882 2481 1911 2558 so·

196 2637 201 2644 -
294 2587 452 2672 miliar-in,
471 2583 613 2687 semper
627 2583 748 2660 secum
767 2601 918 2684 portant
934 2581 1213 2684 instrumentum
1228 2582 1306 2682 tale,
1321 2585 1426 2682 quod
1447 2585 1591 2664 auribus
1608 2613 1655 2690 ap
1686 2611 1812 2687 onunt,
1831 2609 1865 2662 ut
1880 2605 1910 2658 eo

293 2681 494 2759 distittslius
512 2683 638 2759 sonum
652 2686 863 2784 percipiant.
915 2679 1091 2759 Ceterum
1105 2680 1290 2781 objesium
1308 2682 1477 2783 Auditus,
1495 2683 1605 2764 sonus
1622 2615 1694 2784 ed}
1718 2689 1829 2768 oritur
1845 2707 1909 2762 veto

296 2784 404 2860 sonus
420 2807 464 2858 ex
479 2783 709 2861 concussione
723 2785 817 2860 seris·
830 2783 889 2860 vel
904 2807 1017 2880 aquae.
1069 2783 1194 2859 Variat
1205 2804 1325 2860 autem
1337 2783 1449 2876 sonus
1467 2788 1607 2862 ratione
1623 2787 1869 2888 subjeciuntur,
1885 2783 1909 2856 ἃ

293 2887 433 2960 ratione
449 2885 673 2961 mediorum,
717 2881 896 2962 Obtustus
915 2885 1066 2959 enimin
1091 2906 1183 2980 aqua
1202 2882 1303 2984 sonat
1330 2908 1480 2986 corpus,
1508 2912 1618 2990 quam
1640 2891 1679 2964 in
1696 2900 1788 2989 aeae,
1806 2887 1910 2963 acutius

293 2983 332 3062 so
381 3006 421 3060 nt
441 2987 595 3086 metalla,
611 3010 721 3084 quam
738 2985 761 3061 li
788 3011 847 3086 na,
864 3009 946 3084 quae
962 2985 1086 3059 omnia
1106 2985 1286 3084 explicare
1301 2985 1395 3060 velle
1410 3010 1467 3062 tna
1498 2991 1536 3066 ni
1550 2989 1759 3067 Voluminis
1775 3013 1826 3064 res
1842 2981 1908 3060 esset.

292 3009 422 3162 Nffloo
438 3079 499 3181 esl,
517 3091 580 3185 qui
594 3107 755 3162 naturam
764 3009 946 3162 sonorum
964 3082 1120 3186 segucius
1134 3081 1319 3187 explicuit,
1336 3109 1405 3190 per
1421 3011 1550 3166 mullos
1571 3113 1776 3192 corporum
1798 3087 1909 3190 species,

297 3211 406 3286 quam
426 3185 644 3263 Honoratus
656 3184 775 3282 Fabri,
793 3187 857 3282 qni
871 3183 1088 3300 singularem
1106 3185 1148 3260 ie
1169 3182 1259 3286 sonis
1284 3183 1499 3264 'I'taslantm
1520 3187 1575 3262 Ph
1602 3187 1682 3270 sacis
1705 3189 1771 3270 sois
1789 3185 1909 3264 inseruit.

295 3287 369 3364 Cui
382 3285 466 3370 addi
482 3309 642 3364 meretur
659 3287 688 3361 F
691 3296 783 3360 rane.
800 3284 1160 3363 BacontsVerulamii
1174 3288 1301 3358 chono
1315 3283 1361 3364 ὅ
1373 3283 1554 3364 audibilibus
1566 3213 1699 3386 sessoria,
1713 3291 1792 3368 licet
1803 3291 1909 3387 exigui

275 3388 414 3467 .Multa
428 3381 625 3464 Kircherus
639 3396 672 3458 in
685 3385 824 3485 ernstio
836 3413 950 3488 magna
963 3383 1083 3488 confini
1092 3381 1382 3490 &disunihabet
1392 3410 1475 3484 quae
1487 3385 1535 3463 ad
1551 3411 1715 3468 naturam
1731 3383 1843 3468 Ecltus
1857 3383 1909 3484 spe·

295 3487 403 3564 siant.
453 3485 506 3562 Ea
521 3490 655 3586 omnia,
676 3489 759 3586 qutia
775 3489 861 3562 totis
877 3486 1073 3587 disciplinis
1091 3484 1366 3586 pertrasltntut,
1380 3487 1424 3561 ab
1438 3484 1600 3566 instituto
1615 3489 1743 3568 nostro
1756 3513 1843 3568 nunc
1853 3483 1908 3558 suot

294 3592 415 3664 alieno.
467 3584 627 3664 Pertinet
642 3587 714 3663 huc
734 3590 842 3662 etiam
859 3589 980 3662 omnis
995 3586 1053 3662 illa
1067 3583 1285 3663 doetrinae
1299 3583 1431 3664 voce&
1490 3597 1703 3666 ommatium
1743 3583 1907 3686 dequibus

291 3689 459 3792 legantur
475 3687 713 3784 Cordemoaei
725 3687 774 3760 iti.
790 3689 828 3760 de
845 3685 949 3773 verbo,
965 3683 1142 3780 &Petrus
1157 3685 1360 3766 Montanus
1378 3689 1415 3762 in
1448 3684 1542 3786 ihre,
1559 3692 1617 3774 cui
1633 3691 1702 3767 titu
1718 3715 1773 3768 us:
1802 3687 1859 3773 ῶς
1872 3681 1907 3762 iili

270 3791 431 3884 «thtci
445 3787 567 3878 sionis.
619 3789 737 3864 Multa
758 3786 899 3890 possent
920 3784 1093 3863 etiamhic
1106 3783 1226 3862 asserti
1247 3785 1293 3860 de
1298 3785 1474 3884 ſsirdorum
1495 3791 1736 3885 informationum
1758 3787 1814 3866 sed
1829 3783 1906 3884 deis

287 3885 464 3964 'onmibus
482 3887 618 3964 dicium
640 3887 692 3964 est
708 3891 744 3963 in
762 3887 978 3989 Differrarione
995 3883 1113 3962 nostra
1124 3887 1168 3962 di
1182 3885 1517 3988 Paradoxissonstrum,
1532 3911 1713 3988 quaecum
1727 3893 1763 3966 in
1774 3887 1906 3966 omnim

292 3989 457 4064 manibus
475 3984 528 4086 fit,
543 3993 714 4074 nolumus
728 3990 783 4063 illa
800 3991 859 4064 hic
878 4010 1053 4089 repetere.

230 4109 253 4178 4
390 4090 549 4160 Otlorotus
559 4089 675 4168 sensus
684 4086 745 4187 est,
754 4112 831 4186 quo
840 4087 1094 4190 distinguimus
1107 4109 1165 4180 res
1179 4083 1377 4189 secundum
1386 4082 1553 4164 odorem.
1563 4075 1906 4172 Estodotnihilaliud,

258 4189 264 4196 ’
288 4213 400 4289 quam
409 4185 550 4266 effluvio
559 4187 1114 4290 subtiliffimacorporisodotati,
1125 4187 1260 4262 canales
1269 4186 1461 4261 nariumad
1471 4177 1906 4287 processusmamiflaresde·

289 4291 370 4388 lato,
382 4292 445 4387 qni
453 4294 815 4393 praecipueorganon
824 4281 1351 4386 constituunthujussenstonis.
1361 4284 1531 4366 Medium
1546 4287 1607 4387 est,
1614 4291 1673 4368 vel
1690 4287 1904 4386 aer,velaqut,

287 4415 359 4496 ‚pet
375 4390 478 4492 quod
493 4389 795 4514 trunssunduntut
809 4384 1018 4488 corpusculo
1032 4387 1088 4461 illa
1104 4387 1269 4462 volatilia.
1306 4385 1354 4464 Et
1371 4386 1437 4462 hoc
1450 4386 1600 4518 puidem
1619 4387 1905 4556 sensadonisbpplrtiig

287 4591 292 4598 ’
332 4595 368 4674 11)
388 4593 455 4678 Jolt.
476 4589 562 4672 Alph.
577 4588 682 4655 Botclli
698 4592 770 4673 Opus
782 4591 814 4651 de
826 4589 988 4653 Animalium
1001 4585 1273 4668 hierusolimorum
1285 4545 1317 4648 stt
1337 4588 1407 4650 duas
1420 4605 1512 4668 partes
1534 4587 1666 4674 divisum,
1683 4591 1778 4656 Rome
1790 4606 1822 4650 nt
1834 4575 1902 4654 1680

321 4693 324 4702 ⁴
408 4678 440 4742 ἃ
455 4685 503 4756 81.
520 4679 551 4738 in
565 4693 593 4758 4.
610 4695 704 4739 revera
723 4677 864 4760 prodiisse,
882 4675 963 4758 supra
977 4676 1014 4738 ad
1026 4675 1089 4758 cip,
1102 4674 1154 4737 Vs.
1169 4669 1226 4757 §.a
1238 4673 1296 4751 jam
1307 4675 1347 4738 esi
1362 4676 1515 4738 monitum
1641 4717 1644 4724 -
