3964 5218
1227 97 1278 116 s..

540 253 668 367 ,sap
682 246 721 330 Χ
721 245 836 354 XIV.-
873 245 936 330 ,θα
955 251 1130 332 Meteoris
1146 249 1279 356 igneis-r
1400 277 1404 290 ·
1685 273 1752 360 333
1792 309 1796 318 ,
1858 226 1864 236 ’

136 401 145 408 -
190 392 205 406 ὀ

273 521 379 628 nibus
394 526 433 628 pi
514 523 607 624 ibus,
631 549 651 602 e
672 545 766 605 tetra
797 524 965 626 elevatis,
994 521 1057 602 seu
1070 549 1139 630 per
1157 549 1235 600 vam
1257 525 1401 628 ignium
1422 523 1752 630 subterraneorntn,

272 623 332 701 seu
340 623 422 800 per‘
481 622 585 702 ote'm
600 623 703 702 Solis·
727 630 732 638 ’
755 622 864 702 Tales
880 626 1123 703 exhalationes
1139 621 1264 700 testatis
1281 623 1574 726 prasertimtem
1606 652 1671 706 ore
1694 627 1753 704 adss

82 417 466 710 ME'OEORA
490 420 678 524 IGNEA,
695 448 787 524 quac
809 424 859 504 ita
873 393 1063 526 vocaintur,
1087 426 1271 540 originem
1293 419 1392 502 suurn
1408 379 1754 509 debenterhalatio·
1775 454 1791 508 ι
1913 439 1917 447 “

272 751 337 804 mo
366 749 429 800 um
441 725 650 823 frequentes
663 722 756 825 sunt,
777 723 826 825 bc,
843 751 927 802 cum
943 727 1200 823 accenduntur,
1215 725 1274 801 vel
1299 724 1412 824 asrtu,
1428 729 1433 742 '
1448 729 1508 802 vel
1528 752 1548 803 a
1590 751 1680 832 gura
1693 727 1754 808 sua
1837 797 1841 808 .

75 831 272 933 peculiare
286 823 441 926 aliquod
449 847 589 904 nomen
600 823 814 927 sortiuntur,
827 849 1036 928 quanquam
1049 825 1146 904 sorte
1159 825 1251 903 nihil
1264 827 1360 902 inter
1374 823 1603 920 sedifferunt.

190 993 450 1096 Exhalationas
471 991 628 1098 viscosa,
644 1015 727 1095 quar
748 1019 826 1072 non
866 996 1004 1072 rocula
1024 1015 1118 1074 terra
1133 992 1388 1095 incenduntur,
1405 983 1510 1100 ignes
1530 994 1619 1072 fatui
1634 997 1749 1074 solent
1768 1015 1788 1068 2

75 1095 487 1204 appellari,'Germanls
497 1093 696 1196 *wolfus
711 1095 761 1173 de
774 1021 905 1196 quibus
920 1099 1018 1172 mira·
1027 1096 1204 1174 fabulatur
1225 1095 1369 1198 vulgus,
1385 1095 1488 1195 quod
1505 1096 1548 1172 sc.
1564 1097 1751 1195 insequen-

80 1223 144 1277 tes
162 1197 306 1308 fogiam
331 1196 514 1302 fugientes
528 1194 770 1298 insequantur,
787 1197 825 1274 in
869 1199 1040 1298 raecipitia
1054 1195 1244 1296 deducant,
1258 1219 1340 1292 quae
1357 1218 1478 1274 tamen
1492 1213 1661 1300 magnam
1669 1222 1751 1300 parss

78 1323 166 1378 tem
182 1259 420 1405 superstitiosa
436 1295 472 1374 ἃ
486 1295 642 1372 fabulosa
654 1295 744 1374 sunt.
856 1319 871 1374 t
890 1296 971 1374 sunt
990 1297 1041 1372 illi
1063 1295 1210 1402 ignibus
1233 1295 1474 1374 lambentibus
1491 1295 1589 1396 quast
1604 1294 1747 1398 similes,

78 1427 167 1501 quo
197 1401 349 1478 nomine
387 1397 618 1500 appellantur
633 1397 879 1474 exhalationes
899 1421 1104 1500 corporum
1128 1397 1334 1471 animalium
1356 1395 1584 1496 accensae,·ut
1601 1396 1643 1473 fit
1657 1422 1747 1475 non·

77 1507 278 1602 nunquam
298 1495 619 1575 in'hominibus'&
637 1499 973 1597 equis-quanquam
995 1499 1033 1576 dc
1047 1497 1104 1572 his
1126 1492 1330 1598 superstitio
1355 1497 1552 1574 misceatur.
1601 1498 1693 1574 Sunt
1709 1498 1749 1575 &

76 1603 214 1679 tnultae
230 1598 451 1678 aliaetaliutn‘
467 1599 610 1771 lpnium
627 1596 776 1700 species,
796 1599 834 1674 in
853 1598 986 1700 quibus
1002 1596 1201 1701 operosum
1215 1593 1283 1672 else
1301 1621 1379 1674 non
1394 1597 1540 1674 necesse
1554 1595 1623 1697 est,
1663 1621 1749 1675 cum

78 1727 218 1779 eorum
237 1697 399 1778 accenfio
417 1697 461 1774 fit
489 1697 690 1798 ortuita,&
704 1695 799 1798 pene
814 1721 892 1773 non
907 1696 1076 1775 differant
1101 1694 1218 1772 causis.
1268 1695 1482 1798 Sulphureae
1497 1699 1593 1772 enim
1611 1695 1750 1775 exhala-

78 1805 218 1904 tiones,
230 1801 294 1878 ubi
306 1801 418 1905 paulo
438 1795 694 1875 vehementius
715 1796 828 1876 motae
840 1797 933 1897 funt,
955 1795 1071 1876 statim
1092 1797 1281 1888 flammam
1295 1799 1520 1900 concipiunt,
1541 1797 1745 1902 &hiignes

79 1903 201 1979 noslu
214 1904 331 2017 tnagis
357 1923 467 2000 quam
480 1893 551 1998 die,
566 1897 647 1976 sunt
667 1895 835 1999 visibiles,
854 1897 855 1904 '
874 1898 978 1998 quod
999 1901 1122 1978 lumen
1145 1899 1262 1996 majus
1287 1899 1407 1974 minus
1428 1897 1610 1996 obfuscet,
1635 1923 1746 1998 quan·
1821 1911 1824 1920 '

3 2051 4 2056 =
39 2060 43 2088 ,
81 1999 309 2104 quemdem
323 1961 381 2076 die
397 2022 502 2098 aeque
515 1997 864 2172 deflaprarepoffint
879 2000 966 2076 tales
979 2023 1147 2102 vapores.
1198 1997 1311 2073 Unde
1336 1998 1516 2097 videmus,
1557 2023 1744 2101 quampa·

77 2127 159 2180 rata
174 2102 218 2180 stt
232 2101 326 2204 saepe
337 2097 512 2177 incendiis
527 2123 589 2173 cau
606 2123 637 2198 a,
657 2102 842 2200 praecipue
858 2098 985 2176 aestatis
1007 2121 1195 2200 tempore3
1218 2096 1314 2199 saepe
1324 2101 1421 2173 enim
1437 2098 1581 2198 in‘aete,
1598 2098 1662 2174 ubi
1676 2102 1743 2174 mi·
1792 2153 1799 2173 s

76 2207 183 2280 nime
197 2201 336 2302 credas,
352 2195 486 2298 aliquid
502 2200 625 2273 talium
642 2199 912 2274 exhalationum
927 2197 1110 2298 delitescit,
1128 2197 1223 2297 saepe
1236 2200 1427 2275 incurrunt
1440 2197 1509 2273 illae
1528 2199 1646 2274 inulla
1662 2223 1742 2276 cot·

75 2329 173 2408 pora
199 2301 298 2380 unde
308 2319 442 2381 mutuo
455 2300 542 2375 tritu
561 2299 666 2402 ignes
681 2297 895 2373 educuntur.
948 2299 1069 2396 Novi,
1082 2296 1192 2372 nosie
1207 2295 1341 2396 serena,
1359 2320 1530 2398 tempore
1543 2293 1681 2398 aestatis,
1690 2302 1742 2375 in-

76 2431 119 2482 ce
165 2397 344 2480 um'suilse
360 2397 452 2476 steni
461 2421 641 2502 aggerem
649 2395 724 2501 pet'
745 2422 902 2500 vapores
939 2397 1119 2498 quosdam
1139 2397 1369 2499 sulphureos,
1391 2395 1505 2474 nodo
1525 2401 1563 2476 in
1578 2409 1660 2475 aere
1681 2422 1742 2475 va·

76 2525 227 2610 gantes,
242 2503 279 2580 δι
299 2503 436 2590 vicinas
456 2523 502 2576 ex
514 2522 560 2574 eo
578 2495 713 2577 domos
729 2498 970 2601 conflagrasse.¹
1021 2498 1170 2601 Scripsit
1203 2497 1330 2576 Gallus
1348 2499 1476 2596 aliquis
1502 2497 1741 2576 Observatio-

76 2632 170 2683 nem
186 2607 226 2678 de
239 2605 394 2688 incendiis,
410 2629 451 2675 cx
462 2600 626 2704 improvrfi
642 2608 733 2699 ortis,
750 2623 910 2699 quorum
923 2603 1023 2680 nulla
1035 2599 1219 2678 manifesta
1232 2599 1330 2688 causa
1346 2597 1438 2678 esset·
1490 2599 1580 2702 Ejus
1595 2604 1743 2680 innova-

57 2763 61 2770 .
67 2709 160 2806 fimis
176 2707 252 2780 Gall.
267 2701 517 2808 Eph'cmm'dibus
532 2699 574 2776 fit
589 2702 741 2776 mentio.
1052 2697 1054 2708 ’

181 2871 399 2950 Aristoteles
413 2871 594 2964 Meteoris
608 2871 872 2952 edomemus
896 2869 1066 2970 accenset,
1082 2869 1129 2946 dc
1144 2867 1283 2968 quibus
1297 2869 1403 2974 firpra
1416 2872 1568 2974 egimus.
1592 2871 1629 2952 Is
1642 2871 1776 2970 enima

76 2973 287 3052 sublunares
306 2996 436 3050 omnes
451 2969 777 3073 habuitCometas,
793 2970 1036 3072 quodfalsum
1050 2993 1173 3050 tamen
1194 2967 1262 3068 est3
1285 2995 1504 3080 quanquam,
1516 2973 1640 3072 Scipio
1657 2972 1740 3050 Cla·

76 3075 297 3174 ramontius,
317 3073 599 3150 Mathematicus
616 3071 941 3171 excellentissimas,
960 3070 1166 3149 Aristotelis
1179 3091 1300 3172 partes
1314 3073 1408 3148 tueri
1424 3095 1502 3150 non
1515 3075 1654 3152 veritus
1666 3071 1742 3150 sue-

76 3179 125 3252 rit
142 3172 269 3246 inlibro
283 3174 323 3248 dr
342 3171 501 3273 Universa,
515 3171 684 3250 adversus
698 3169 1003 3274 praestantissimos
1021 3171 1321 3271 Mathematicos,
1342 3167 1549 3252 domesticis
1571 3197 1740 3277 pugnans

124 3276 198 3352 inci
227 3275 280 3350 iis.
329 3275 458 3349 Varias
474 3273 521 3348 de
540 3271 782 3350 Cometarum
797 3296 881 3352 ortu
893 3273 1085 3351 sententias
1102 3271 1335 3389 conpellatis,
1350 3297 1461 3371 quem
1474 3271 1738 3375 supralaudavi,
1768 3319 1775 3337 ι

76 3301 175 3452 iiam
212 3372 507 3452 ‚Labienitiusr‘n
525 3374 662 3472 Theatra
675 3381 838 3460 Comerico,
863 3376 987 3450 omnia
1001 3373 1049 3448 ad
1063 3371 1270 3449 dostrrnam
1292 3373 1521 3452 Cometicam
1541 3367 1736 3475 spesiantia
1792 3431 1797 3441 ,

78 3471 287 3554 corradens.
359 3473 489 3550 Malim
509 3497 583 3576 ego
604 3473 727 3574 legere
740 3473 823 3568 Joh.
840 3473 913 3550 Ad.
935 3469 1109 3550 Ofiandri
1129 3471 1203 3586 Drff.
1221 3472 1374 3551 brevem
1391 3475 1540 3548 doscella
1553 3477 1739 3578 Magorum,¹

79 3577 117 3652 in
138 3600 214 3675 qua
230 3571 437 3650 breviffime
450 3595 583 3649 omnes
602 3571 648 3651 de
664 3571 835 3651 Comrtis
850 3573 1040 3652 sententias
1055 3577 1222 3652 recenset.
1269 3575 1366 3651 Non
1387 3597 1506 3650 tamen
1530 3567 1655 3656 ablimt
1675 3576 1737 3654 hic

77 3673 350 3779 superstitiones
360 3674 641 3752 nonnullorum.
676 3673 791 3761 ‚Nam
807 3674 1033 3774 Anonymus
1046 3675 1264 3774 aliquis,“qui
1278 3673 1523 3751 seMrrcarium
1537 3679 1735 3754 Pletoniam·

78 3797 142 3850 tem
155 3775 190 3876 o)
217 3797 329 3862 vocat
354 3777 392 3852 in
410 3773 544 3872 libello,
559 3774 605 3848 A.
625 3781 729 3850 1661.
744 3776 791 3851 ¹in
811 3799 865 3850 ta.
878 3773 994 3874 edito,
1014 3778 1070 3850 cui
1086 3777 1138 3850 tit.
1154 3781 1283 3848 Corma
1295 3780 1395 3850 malm
1414 3783 1546 3874 Genius,
1584 3776 1736 3861 demon·
1823 3775 1829 3790 ’

79 3875 188 3952 strate
205 3876 298 3973 vult,
312 3833 488 3951 dometas
503 3875 618 3952 malos
632 3873 701 3950 esse
720 3875 888 3990 angelos,
925 3872 1240 3972 quemadmodum
1270 3873 1377 3952 stellae
1403 3875 1495 3952 boni
1514 3875 1584 3954 fint
1605 3903 1648 3956 an
1679 3881 1734 3955 eli.
1798 3923 1811 3959 ι

77 3977 218 4054 Thom.
238 3973 485 4074 Bartholinus,
505 3972 659 4052 eschola
672 3973 833 4076 Medica,
850 3997 1013 4054 naturam
1027 3973 1268 4054 Cometarum
1291 3974 1562 4080 explicuitsatis
1583 3905 1735 4078 quidem

386 4087 403 4129 l
1634 4083 1736 4185 inge·

118 4321 149 4402 r)
163 4309 226 4380 sab
240 4309 377 4376 Macarta·
393 4280 591 4376 Phimianae
612 4309 733 4376 nomine
747 4308 861 4375 delituit
877 4304 966 4374 Mich.
984 4305 1133 4390 manns,
1167 4307 1219 4371 .U.
1235 4305 1272 4372 D.
1285 4304 1370 4374 cam.
1386 4309 1443 4374 Pal
1459 4309 1530 4376 Caes
1542 4310 1576 4378 ἃ
1588 4314 1733 4380 Marchio·

204 4398 252 4460 nir
266 4398 535 4464 Dorlaco-Badcnsrs
547 4396 657 4462 confit.
669 4401 798 4476 Anlicus,
813 4399 865 4479 qui
879 4397 999 4460 eandem
1016 4397 1092 4478 Drff
1098 4398 1130 4460 de
1186 4416 1262 4458 merc
1271 4397 1354 4459 Μαῖα
1370 4397 1465 4478 Genio,
1478 4417 1542 4464 tum
1556 4401 1616 4462 aliis
1632 4401 1733 4466 obser·

200 4483 377 4648 ἷέῐὲὲωῗει,
382 4485 638 4638 5131&pr
639 4487 766 4638 'Cometa
781 4485 865 4554 Anni
879 4484 975 4564 1680.-
991 4483 1305 4602 auffimcm'Nommc
1323 4481 1376 4570 llio
1393 4483 1521 4570 prefixa,
1533 4485 1732 4574 sturtosalra
1775 4579 1781 4582 Π
