3964 5218
450 253 455 274 ⁸
547 277 815 396 onum.
865 262 1118 417 DtMetcotr's
1144 281 1291 390 Aquris.
1340 229 1372 293 Ἰ
1495 277 1501 287 “
1562 275 1569 296 ‘
1616 307 1617 310 ¹
1692 307 1771 388 397.
1855 269 1859 276 ‘

97 461 192 539 nulla
204 481 264 537 ars
279 457 375 534 illam
389 451 571 534 solertiam
584 435 623 531 in
635 453 796 534 minimis
810 450 1030 630 assecgiamr,
1055 477 1166 556 quam
1182 456 1220 532 in
1236 473 1364 532 natura
1380 449 1558 558 majorem
1568 425 1643 534 ‘elie
1658 453 1761 536 fatea-

97 587 180 638 mur
197 557 334 637 necelle
348 553 410 657 est,
436 577 546 654 quam
563 557 755 657 ingenium
775 579 890 658 nppre
919 555 1055 632 endere
1067 553 1199 660 potest.
1250 555 1430 634 Videmus
1450 577 1569 634 tamen
1588 556 1760 662 sexangu-

96 663 207 739 larem
228 660 322 736 illam
337 656 492 762 figuram
511 676 650 756 namtas
667 653 876 744 familiarem
906 659 944 732 in
966 657 1088 735 multis
1102 656 1388 758 operationibus.
1456 657 1508 734 lta
1527 659 1604 760 apis
1622 657 1759 736 format

97 762 170 838 fibiw
182 759 366 838 domicilia
379 754 477 834 hexa'
501 774 583 856 ona,
602 758 642 831 in
658 783 677 831 c
728 755 831 836 stallis
846 758 883 834 u
896 756 1024 834 salibus
1039 757 1184 836 easdem
1196 756 1332 862 figuras
1346 781 1615 856 nonnunquam
1630 757 1675 834 dc
1707 783 1760 836 re·

95 861 316 959 hendimus,
350 859 440 959 ¹quas
469 857 519 933 oli
533 855 627 932 casui
643 856 689 932 ad
706 857 845 934 'cribere
860 880 938 934 non
949 857 1162 1032 possumus,
1204 883 1287 934 cum
1302 857 1493 936 videamus
1508 879 1583 934 tam
1597 785 1760 936 condan-

97 985 171 1039 tem
186 983 324 1038 naturae
338 954 573 1063 proceffum.'
615 953 774 1055 Hacqin
790 979 927 1131 genere
975 945 1233 1036 efformatione
1248 959 1344 1036 nivis
1359 957 1465 1060 dicia,
1490 955 1757 1038 satisillustrant

97 1063 357 1168 cognitionem·
368 1060 457 1158 ejus,
482 1058 519 1134 in
537 1077 714 1156 quantum
729 1056 788 1132 illa

96 1167 225 1239 nivem
238 1162 360 1260 quaeri
368 1159 495 1256 solent,
513 1181 597 1258 quae
611 1156 758 1260 integro
765 1155 859 1233 libro
868 1179 1134 1260 proponuntur
1143 1159 1324 1236 aThoma
1340 1158 1606 1236 Bartholinn·tn
1616 1160 1756 1232 «Traiic-

96 1285 131 1336 ιιι
145 1267 183 1336 dc
203 1261 267 1364 ufic
281 1263 407 1335 Mtai'co
426 1267 528 1343 nivis,
554 1257 615 1334 nbi
632 1257 777 1334 Medica
793 1257 1059 1360 praeprimisab
1073 1259 1135 1336 illo
1154 1259 1423 1360 disquiruntur,
1440 1262 1477 1335 in
1494 1260 1626 1358 quibus
1640 1281 1680 1336 ut
1688 1275 1758 1341 nos

97 1365 335 1460 detineamur,
359 1385 437 1440 non
453 1355 504 1434 est
521 1379 628 1460 opus.
728 1357 906 1460 Prinmm,
922 1358 1026 1458 quod
1042 1359 1174 1436 accidit
1189 1363 1279 1459 nivi,
1298 1360 1417 1432 candor
1431 1358 1499 1461 est,
1514 1360 1578 1458 qui
1591 1362 1756 1460 niviqui·

97 1463 179 1539 dem
229 1485 270 1540 er
285 1462 320 1539 se
334 1487 410 1538 non
428 1461 619 1562 competit,
646 1455 705 1532 secl
721 1456 1187 1562 quatenus'superficieculae
1205 1464 1313 1536 variae
1336 1457 1542 1536 floccorum
1557 1457 1621 1534 libi
1635 1459 1757 1563 super·

96 1489 296 1682 impolitae,
319 1582 365 1638 ex
379 1561 492 1639 variar
502 1559 592 1634 lucis
609 1557 811 1642 reflexione
823 1559 1022 1636 candorem
1036 1559 1195 1659 aliquem
1212 1560 1328 1644 oculis
1355 1560 1627 1662 reproesentanr,
1648 1581 1756 1638 tantae

99 1663 245 1764 quidem
264 1661 443 1758 efficaciae,
465 1681 507 1735 ut
521 1681 707 1735 exccecare
718 1659 881 1760 animalia
900 1660 1147 1760 hominesque
1189 1659 1288 1762 offit,
1312 1659 1339 1736 fi
1358 1655 1584 1763 frequentius
1607 1663 1645 1736 in
1661 1663 1758 1740 nivis

98 1767 189 1842 cons·
206 1763 290 1842 eliu
306 1761 504 1846 versentur.
553 1757 654 1834 Hinc
669 1759 795 1836 Gotfr.
812 1760 988 1864 Voigtius
1011 1761 1048 1836 in
1063 1687 1297 1860 Curiofftatibus
1315 1758 1385 1838 suis
1406 1763 1538 1862 Physicis
1563 1759 1757 1865 problema

100 1866 140 1942 de
154 1792 319 1942 albedine
331 1866 426 1940 nivis
443 1859 657 1964 proposuit,
687 1865 796 1960 qua'm
817 1882 895 1936 non
911 1861 1043 1938 realem
1059 1859 1166 1937 incise
1181 1865 1259 1938 nivi
1277 1887 1323 1938 ex
1348 1860 1503 1938 adducta
1520 1864 1663 1937 ratione
1684 1864 1757 1937 exi·

97 1965 219 2068 stimat,
241 1962 590 2066 sed'emphrricam,
609 1963 693 2062 cum
712 1981 832 2036 tamen
851 1961 1048 2064 emphatici
1065 1963 1208 2038 colores
1223 1986 1269 2038 eo
1288 1965 1404 2066 magis
1421 1962 1563 2037 colores
1579 1959 1649 2036 sunt
1675 1985 1754 2060 quo
1823 2021 1825 2027 .

98 2071 248 2172 propius
264 2064 311 2142 ad
325 2061 489 2142 naturam
508 2064 595 2142 lucis
617 2061 858 2162 perveniant,
892 2063 930 2138 ἃ
948 2085 994 2138 ex
1016 2063 1135 2163 prima
1149 2061 1341 2140 radiorum
1365 2059 1572 2137 lucidorum
1586 2021 1756 2154 mistione
1831 2059 1835 2064 ’

99 2171 258 2268 oriantur
284 2179 329 2265 r).
382 2165 605 2270 Qanquam
626 2183 704 2236 non
720 2183 870 2264 negem,
884 2159 1031 2236 differre
1046 2161 1127 2238 illos
1146 2163 1292 2240 colotes
1307 2162 1352 2241 ab
1373 2163 1427 2259 iis,
1451 2164 1517 2258 qui
1532 2157 1753 2238 constantius

98 2267 272 2346 inhaerere
288 2268 447 2344 materias
461 2263 656 2360 videntur,
682 2257 837 2336 essentiae
856 2283 978 2337 tamen
996 2262 1137 2337 ratione
1158 2261 1248 2338 nihil
1266 2263 1362 2339 inter
1380 2259 1414 2336 se
1430 2257 1622 2338 differunt:
1683 2259 1753 2348 Nif

98 2395 177 2446 vem
189 2391 303 2476 agros
316 2363 527 2444 foecundare
540 2361 736 2438 observant
751 2360 958 2464 Agricolae,
985 2361 1024 2439 ἃ
1042 2363 1135 2438 ratio
1155 2363 1232 2462 ejus
1252 2365 1289 2446 in
1308 2383 1459 2465 promtu
1471 2358 1553 2461 est,
1579 2362 1755 2460 quoniam
1852 2394 1855 2403 ·

98 2471 248 2550 multum
266 2466 393 2547 nitrosr
407 2465 485 2544 salis
502 2459 592 2539 inest
608 2463 712 2562 nivi,
753 2483 795 2537 ut
809 2462 847 2538 dt
872 2460 1030 2564 separari
1051 2461 1139 2540 illud
1163 2485 1231 2566 per
1251 2469 1366 2542 artem
1387 2461 1611 2563 Chymicam
1632 2461 1752 2563 poffit.

98 2571 196 2648 Nihil
213 2591 339 2648 autem
356 2569 455 2645 nitro
479 2561 708 2670 praestantius
723 2559 775 2638 est
795 2559 841 2642 ad
855 2561 1121 2648 ftccundandos
1133 2588 1256 2670 agros.
1334 2562 1463 2641 Refert
1481 2562 1650 2640 Thomas
1670 2561 1755 2639 Bar·

99 2674 252 2754 cholinus
276 2669 416 2749 de‘Saie
430 2663 594 2766 quodam
639 2684 686 2740 ex
701 2665 789 2738 nive
803 2661 987 2762 confecto,
1013 2663 1134 2762 quiin
1150 2673 1347 2747 momento
1364 2663 1474 2768 poliat
1488 2664 1678 2768 coagulare
1695 2684 1754 2741 res

98 2773 263 2874 liquidas,
289 2771 434 2870 qualem
448 2766 483 2844 se
497 2761 571 2840 vid'
604 2789 624 2840 e
641 2760 785 2840 testatur
804 2761 995 2844 Humelius
1013 2771 1046 2834 in
1069 2763 1149 2836 libra
1165 2765 1205 2837 de
1218 2763 1428 2862 affirmantius
1443 2785 1618 2866 corporum.
1665 2763 1755 2842 Nos

100 2876 240 2972 quidem
260 2895 338 2948 non
357 2867 537 2966 vidimus,
558 2863 619 2940 sed
641 2887 720 2947 rem
741 2887 762 2940 a
780 2884 874 2939 vcro
886 2864 1036 2938 alienam
1055 2861 1124 2939 elie
1143 2888 1222 2940 non
1236 2886 1428 2968 putamus,
1449 2888 1535 2939 cum
1549 2862 1754 2966 videamus,
1777 2875 1781 2885 '

100 2973 273 3053 beneflcio
288 2971 383 3050 nivis
404 2969 464 3045 vel
486 2969 524 3044 in
538 2961 657 3041 media
670 2961 808 3065 aelhoe,
822 2987 917 3068 ¹cnm
938 2961 1125 3048 additione
1145 2963 1241 3066 stalis,
1265 2964 1325 3041 vel
1343 2962 1417 3042 line
1438 2985 1502 3064 eo,
1530 2963 1755 3050 artificialem

99 3076 241 3178 glaciem
260 3073 379 3178 parari
397 3065 519 3174 polle,
544 3063 647 3165 quod
669 3065 781 3166 aliqui
800 3065 907 3140 etiam
953 3063 1040 3140 lacie
1061 3063 1134 3170 ipsa
1150 3063 1332 3165 efficiunt,
1356 3063 1417 3141 sed
1437 3063 1756 3164 maj0rcmtamen

99 3173 351 3278 particularum
393 3169 568 3246 lacialium
583 3166 729 3268 copiam
742 3165 821 3242 nivi
836 3167 895 3241 ine
923 3162 1200 3242 eexistimarim.
1253 3165 1312 3244 De
1330 3167 1482 3270 pulvere
1491 3164 1753 3267 coagulatorio,
1869 3217 1883 3230 -.

104 3301 171 3375 quo
189 3297 352 3380 gemmae
365 3195 541 3347 botmatae
556 3265 723 3367 fuerunt,
760 3263 857 3370 vide,
878 3265 1037 3369 Eptflolam
1063 3261 1223 3343 nostram
1248 3269 1288 3341 dc
1311 3267 1430 3370 Scapha
1445 3274 1548 3338 uitreo
1566 3263 1754 3368 personum

155 3399 204 3464 tn,
230 3401 316 3478 quae
333 3370 360 3450 fi
379 3395 466 3452 vera
481 3368 531 3449 est
547 3365 720 3466 historia,
744 3366 890 3442 alterius
904 3365 1059 3470 originis
1075 3368 1207 3469 pulvis.
1218 3369 1277 3444 ille
1295 3365 1363 3444 etse
1386 3365 1540 3444 videtur.
1614 3363 1753 3442 Notati

23 3569 24 3572 q
92 3470 198 3556 ‘ettam
217 3476 312 3556 illud
335 3474 482 3552 cuilibet
506 3473 553 3550 de
569 3471 656 3544 nive
676 3464 817 3570 potest,
868 3463 971 3568 polle
994 3464 1254 3568 spiritum=vini
1277 3465 1456 3544 beneficio
1470 3467 1565 3544 nivis
1580 3464 1751 3566 distillari,

101 3579 226 3680 absque
242 3581 352 3684 igne,
375 3575 448 3653 sola
467 3576 554 3652 nive
574 3566 752 3646 alembico
775 3565 1070 3670 superimposita,
1085 3569 1209 3670 idque
1228 3567 1345 3646 feciiie
1367 3569 1551 3672 Magnum
1563 3563 1752 3648 Hetnuiae

101 3678 235 3760 Ducem
250 3675 398 3758 testatur
411 3676 441 3776 J
459 3675 565 3779 Bapu
580 3667 631 3748 du
645 3667 793 3770 Hamel,
815 3665 867 3744 ub.
880 3669 919 3744 dc
935 3669 1036 3766 affeci.
1053 3691 1231 3774 corporum,
1245 3693 1311 3776 cap.
1328 3670 1367 3747 de
1376 3671 1512 3800 [ngare.
1720 3779 1724 3784 Ι

545 3817 553 3826 ἡ
898 3867 1044 3970 (Ddd)
1099 3893 1118 3967 3
1152 3915 1154 3922 κ
1298 3952 1302 3960 ⁴
1600 3819 1752 3952 &ando

141 4192 168 4264 r)
186 4182 319 4251 cottion.
332 4167 472 4268 ungitur,
498 4175 666 4244 tantarum
681 4179 752 4244 oum
767 4171 974 4242 carantanas
987 4175 1020 4243 u
1033 4170 1378 4260 uamangenasraenor,
1404 4159 1578 4242 arachnen
1590 4172 1748 4238 atavam-

217 4275 275 4336 lem
289 4291 350 4334 non
364 4266 561 4356 impugnavit,
592 4272 621 4328 in
642 4262 861 4347 Curlqiiaaibur,
877 4265 922 4325 uti
935 4264 960 4326 b.
975 4267 991 4328 l.
1008 4267 1142 4344 traditur,
1168 4261 1289 4342 Phyfiir't,
1306 4261 1448 4324 Giistrnrii
1465 4283 1509 4345 arr.
1531 4259 1620 4340 1668.
1634 4268 1662 4322 iu
1679 4276 1702 4329 a.
1714 4259 1748 4324 Gt

218 4357 374 4441 Lipfiaean.
392 4356 480 4441 1698.
496 4361 525 4416 ἑκ
538 4375 572 4412 ra.
586 4353 699 4434 excufis,
720 4353 766 4415 scd
781 4351 975 4434 Diffrrtarr'oae
993 4351 1173 4436 Pbriafogbira
1186 4366 1284 4412 contra
1298 4351 1376 4412 illam
1389 4349 1524 4433 peculiari
1545 4347 1661 4412 &iada
1682 4367 1747 4428 pro·

220 4448 294 4522 lixa,
313 4455 376 4526 qnae
390 4441 534 4504 Rostochii
548 4459 592 4501 aru
611 4437 701 4526 1669.
715 4445 745 4502 in
759 4454 782 4506 8.
799 4437 911 4500 seorim
926 4439 1041 4518 prodiit.
1077 4425 1243 4522 De'Fagum
1264 4437 1511 4523 Niuis,&xarrgula
1525 4433 1648 4496 confoti
1661 4436 1746 4496 etiam

157 4565 160 4570 ·
220 4533 311 4613 porci}
324 4531 391 4614 Joh.
405 4528 532 4607 chleri,
544 4523 739 4588 Mathematici
748 4524 871 4604 Caesarei,
889 4527 988 4588 Saarna
1001 4525 1055 4591 stre
1074 4517 1314 4608 Dr'ffertatr'muculc
1326 4524 1362 4587 ad
1374 4522 1442 4610 Joh.
1450 4521 1553 4594 matth.
1561 4518 1746 4603 Wackcrum,
1786 4521 1789 4526 ’

135 4689 141 4698 ,
218 4619 252 4682 in
267 4611 714 4703 caspuanmumrpuaaaa·o
730 4615 869 4702 Supieruiae
883 4611 1022 4678 Sacrarim
1035 4613 1190 4698 Jacostafiae,
1213 4611 1286 4678 Tam.
1301 4611 1323 4676 t
1330 4629 1361 4700 p.
1378 4632 1502 4692 75¹·7t7·
1517 4603 1617 4678 recula.
1763 4603 1770 4615 '

825 1057 922 1133 aberi
937 1056 1066 1160 potest.
1116 1057 1208 1136 Sunt
1226 1075 1319 1135 vero
1333 1059 1446 1135 multa
1459 1061 1543 1158 alia,
1568 1083 1651 1160 quar
1666 1062 1759 1136 ciica
1774 1081 1790 1097 ··
1877 1093 1879 1102 ·
