3908 5202
262 307 338 404 44⁶
707 289 871 402 milist-
898 286 1092 420 Plllfipl·
1120 283 1210 373 zib.
1231 285 1276 374 II.
1296 283 1403 375 Part.
1421 293 1469 373 ll.
1520 255 1528 266 ¹
1615 309 1623 376 j

204 488 228 557 6
368 465 426 544 De
442 471 554 541 Arima
578 463 742 550 troliano
755 464 799 543 ad
817 463 1008 567 Phyficam
1030 465 1146 569 perse
1167 463 1319 565 quidem
1336 487 1412 540 non
1429 451 1610 566 pertinet,
1634 461 1694 539 sed
1710 482 1897 564 quatenusa

268 591 429 670 corpore
446 566 552 642 distin
582 565 700 642 nenda
721 564 780 642 est.
832 567 888 643 Ut
902 567 1032 641 clarior
1052 567 1221 672 corporis
1234 563 1318 640 ldea
1331 562 1375 640 stt
1383 625 1394 662 ,
1420 565 1549 639 notitia
1568 564 1644 662 ejus
1659 564 1774 663 aliqua
1787 567 1897 642 haben·

188 671 196 732 *-
256 671 316 746 da
335 665 403 766 est,
429 693 540 766 quam
554 592 765 769 suppeditat
779 665 872 742 Lud.
889 666 936 744 de
948 666 981 742 la
1000 666 1145 770 Forge,
1164 661 1414 762 Cattellanus,
1439 673 1473 736 in
1492 661 1579 735 libro·
1593 667 1634 738 dt
1655 687 1758 740 mente
1775 669 1896 751 summ.

269 769 442 845 eGallica
461 771 499 842 in
513 769 678 843 Latinam
699 767 860 868 linguam
876 765 1066 844 converso.
1140 765 1220 844 Prae
1243 766 1371 844 ceteris
1395 763 1574 867 legendus
1595 763 1646 841 est
1667 764 1757 844 liber
1779 765 1897 844 Corde·

219 935 222 942 ,
267 872 379 945 moaei
394 868 510 967 Galli,
535 891 647 969 quem
668 868 707 942 dt
724 867 902 962 differ-antia
925 876 1066 968 corporis
1087 864 1131 942 ds
1142 865 1284 970 spiritui
1301 865 1452 960 Gallice,
1474 866 1677 978 elegantem
1702 865 1897 968 conscripsit.

267 967 383 1048 Lesiu
397 970 504 1046 etiam
519 967 652 1071 dignus
666 965 715 1040 est
736 965 829 1044 Lud.
845 967 953 1042 Vivis
971 969 1010 1041 dt
1020 973 1133 1044 Arima
1150 965 1247 1052 liber,
1271 990 1347 1042 non
1363 964 1515 1063 quidem
1536 969 1661 1050 intima
1678 964 1898 1068 Philosophia

268 1093 308 1144 ar
337 1091 482 1144 umento
505 1069 649 1170 penitus
670 1069 873 1165 excutiens,
897 1064 959 1143 sed
978 1067 1160 1169 eleganter
1189 1089 1328 1162 tamen,
1354 1087 1396 1146 ut
1411 1063 1535 1143 omnia
1550 1065 1626 1161 ejus
1646 1067 1733 1165 viri,
1759 1067 1896 1168 scriptus.

266 1094 347 1246 LA
363 1166 602 1246 Fromondus
620 1169 658 1240 dr
673 1173 795 1250 Anima,
812 1168 920 1270 sort.
940 1167 1088 1244 Licerus
1099 1169 1139 1240 dt
1152 1173 1237 1240 Ortu
1250 1176 1357 1238 anima
1371 1167 1518 1250 humana,
1536 1161 1579 1238 Es
1599 1191 1670 1237 cum
1685 1158 1818 1269 corpore'
1829 1181 1896 1238 coit·

269 1271 411 1368 tmssone,
431 1268 579 1368 ac,Sim.
598 1267 743 1342 Portius
766 1269 805 1338 de
816 1273 927 1340 Mente
951 1267 1104 1352 humana,
1144 1269 1331 1342 bonorum
1347 1263 1600 1344 Colletiorum
1617 1268 1697 1342 vice
1711 1265 1895 1342 sunounnu.

270 1369 447 1446 Ceterum
470 1369 508 1442 dc
528 1377 646 1469 argine
668 1377 784 1455 anima,
809 1376 874 1465 ejus
897 1396 934 1440 m
951 1371 1211 1453 inmortalitate,
1241 1387 1282 1449 ut
1297 1363 1348 1440 est
1362 1367 1468 1466 plena
1477 1361 1702 1442 difficultatis
1719 1333 1895 1467 dilssutatio,

267 1471 320 1548 ita
333 1495 354 1546 a
369 1466 530 1570 Physrcis
543 1469 723 1572 componi
739 1468 776 1544 dt
792 1397 911 1544 decidi
933 1453 1009 1545 tdta
1029 1492 1107 1546 non
1122 1465 1252 1570 potest.
1312 1465 1372 1548 De
1387 1461 1583 1546 Aristotele
1604 1490 1682 1542 non
1707 1469 1806 1569 pauci
1820 1466 1896 1542 dubi·

269 1569 426 1668 tants&
439 1569 589 1668 quidem
604 1593 680 1645 non
693 1568 829 1666 absque
842 1567 1082 1645 fundamento
1098 1566 1272 1665 credunt,
1296 1567 1551 1646 mortalitatem
1573 1568 1698 1666 potius
1714 1570 1834 1646 animae
1853 1563 1895 1640 lla·

112 1753 116 1760 ,
240 1757 245 1764 ,
268 1668 370 1746 tuille
386 1693 483 1765 eum,
509 1694 619 1766 quam
634 1669 953 1767 immortalitatem,
971 1691 1054 1766 quae
1068 1669 1179 1766 milri,
1204 1691 1252 1745 ex
1264 1663 1503 1748 Aristotelicis
1519 1667 1721 1767 principiis,
1738 1665 1877 1744 eademi
1886 1709 1894 1724 ·

271 1769 414 1865 euitare,
437 1793 477 1843 ac
492 1767 589 1848 forte
605 1769 752 1868 majori,
778 1765 923 1868 destrui,
938 1793 1049 1867 quam
1060 1767 1188 1866 astrui,
1211 1765 1312 1868 polle
1328 1767 1482 1844 uidetur.
1533 1765 1630 1844 Aur.
1646 1767 1804 1868 Roccus,
1815 1791 1895 1845 autor

272 1867 432 1944 sublimis
454 1869 623 1970 ingeniis
650 1866 753 1944 vasto
768 1867 918 1966 quidem
937 1867 1032 1946 libro
1056 1871 1279 1950 contrmum
1303 1891 1349 1950 ex
1363 1863 1558 1942 Aristotele
1582 1863 1773 1947 ollendere
1793 1870 1893 1964 voluit,

183 2057 187 2070 ‚
266 1967 328 2044 sed
346 1989 465 2044 tamen
481 1971 526 2045 ita
539 1967 708 2072 disputat,
730 1991 770 2044 ut
784 1967 919 2044 causam
934 1968 1031 2048 suam
1045 1971 1170 2070 potius
1185 1966 1368 2065 destituat,
1392 1977 1502 2064 quam
1517 1967 1626 2059 juvet.
1665 1967 1894 2048 'Refutationes

272 2091 369 2149 certe
394 2069 470 2168 ejus
495 2092 821 2172 argumentorum,
861 2091 989 2148 contra
1011 2069 1323 2151 immortalitatem
1338 2069 1470 2152 ¹animae
1491 2089 1538 2142 ex
1554 2065 1749 2160 Aristotele
1763 2069 1893 2174 prolato·
1930 2113 1931 2152 t

272 2195 379 2268 rum,
414 2167 607 2246 debiliores
624 2168 727 2269 sunt,
751 2194 864 2268 quam
883 2193 924 2245 ut
947 2193 1099 2250 omnem
1126 2171 1274 2248 illorum
1296 2170 1372 2243 vim
1394 2165 1552 2244 elidant..
1604 2166 1749 2262 Prodiit
1779 2173 1806 2246 is
1825 2167 1893 2244 liber
1930 2171 1931 2214 ³

273 2269 505 2346 Francofurti
524 2271 570 2344 A.
600 2284 701 2366 1⁶4³·
724 2280 757 2346 in
780 2291 854 2361 4to,
875 2269 937 2348 sul>
954 2271 1032 2346 Tit.
1054 2277 1169 2348 Atrima
1189 2272 1352 2352 rationalis
1366 2271 1607 2356 immortalitas,
1632 2271 1728 2366 fimus
1746 2297 1810 2344 cum
1827 2271 1892 2370 ipfiut

272 2397 350 2443 vera
358 2380 581 2471 propagatione
596 2371 780 2468 exsemine,
807 2378 859 2442 via
872 2373 1010 2470 quadam
1019 2369 1146 2469 sublimi
1155 2379 1378 2473 peripatetica,
1402 2368 1548 2442 basianus
1565 2369 1628 2470 post
1651 2371 1832 2468 Aristotelem
1849 2391 1893 2440 nm

234 2549 238 2558 ,
265 2471 544 2571 figtratavesligiir,
570 2473 813 2548 Exercitationis
827 2469 1034 2570 Philofhphicae
1047 2468 1225 2570 illibataque
1238 2477 1384 2549 veritatis
1398 2477 1526 2568 gratia,
1552 2472 1711 2572 indagata.
1785 2471 1891 2546 Kestr-

257 2593 346 2644 nrus
365 2591 516 2665 quoque
539 2566 710 2646 Dromos
743 2567 816 2668 hoc
839 2590 1098 2670 argumentum
1122 2567 1288 2646 traslavit
1308 2578 1342 2640 in
1363 2571 1570 2666 Datnoriirat.
1590 2576 1829 2646 immortalitatis
1846 2575 1891 2639 ai·
1929 2647 1930 2652 ,

272 2695 327 2739 ma
341 2671 521 2754 rationalis,
552 2667 707 2771 Anglice
728 2666 868 2768 scripta,
888 2667 925 2743 dt
941 2668 1016 2742 Lat.
1037 2694 1187 2768 quoque
1206 2668 1309 2748 Paul
1328 2670 1373 2750 A,
1394 2675 1498 2763 1651.
1513 2675 1608 2766 insol.
1625 2668 1890 2762 &Francotnt
1929 2707 1930 2734 r

271 2765 386 2866 edita,
415 2770 496 2865 qui,
522 2768 698 2870 perpetua
715 2768 753 2844 ἃ
768 2791 891 2848 natura
906 2773 1121 2870 corporum,
1144 2791 1349 2868 eorumque
1371 2772 1617 2870 qualitatibus,
1657 2797 1804 2870 quarum
1819 2792 1887 2871 pta·
1929 2793 1930 2820 ¹

269 2870 392 2968 cipuas
408 2865 491 2942 satit
512 2869 692 2945 raritatem
718 2869 755 2944 ἃ
774 2865 1011 2969 densitatem,
1072 2869 1316 2974 rogrelstone,
1348 2867 1554 2947 sanationes
1579 2874 1727 2970 animae,
1769 2871 1889 2970 ejusque

198 2975 205 2990 ‘
267 2969 594 3068 immortalitatem,
619 2967 819 3044 monstrare
835 2968 984 3052 laborat.
1043 2895 1113 3045 lie
1133 2973 1281 3072 princiis
1297 2969 1373 3069 ejus
1393 2973 1556 3073 primum
1577 2973 1749 3052 transaila
1768 2989 1888 3072 oportet

271 3067 340 3144 elle
354 3071 496 3166 omnia,
521 3093 604 3168 quae
619 3093 663 3142 an
678 3067 853 3146 omnibus
868 3069 914 3150 ad
931 3071 1088 3174 palatum
1110 3069 1230 3170 sutura
1244 3068 1331 3169 smt,
1356 3069 1497 3147 dubito.
1571 3072 1759 3181 Alioquin,
1781 3073 1834 3170 qui
1847 3067 1887 3142 illt

186 3221 190 3228 ·
270 3172 475 3272 impugnat,
502 3191 638 3262 nexum
653 3169 755 3244 illum
773 3169 876 3246 tollit.
930 3167 1089 3246 ¹Refutat
1110 3171 1231 3270 illum,
1255 3169 1317 3244 sed
1339 3169 1514 3248 nonsatis
1533 3171 1729 3272 judiciose,
1752 3167 1888 3274 singulari

243 3269 385 3369 libro,
410 3269 454 3343 Α.
481 3275 582 3346 1661.
606 3277 638 3341 in
655 3297 690 3342 12.
713 3267 838 3368 edito,
879 3267 1008 3364 lesuita
1031 3267 1199 3370 quidam,
1233 3273 1296 3370 qui
1315 3268 1349 3346 se
1373 3273 1583 3356 Amandum
1598 3273 1739 3350 Verum
1759 3270 1888 3347 nominat
1928 3315 1929 3410 ,

270 3371 495 3472 (genuinum
512 3380 649 3445 nometi
664 3367 714 3443 est
738 3371 919 3471 Eggcseld,)
939 3369 1002 3445 sub
1028 3374 1082 3448 tir.
1109 3377 1221 3446 Anima
1239 3373 1442 3482 triumphans.
1520 3373 1666 3450 Aonius
1689 3373 1845 3452 Palearius
1860 3369 1885 3440 in
1928 3415 1929 3432 .

271 3473 369 3542 Po'e'm.
401 3471 439 3542 de
459 3479 598 3542 immort.
623 3479 746 3553 anima,
779 3467 825 3545 ad
846 3470 1004 3546 Lucretii
1030 3473 1269 3548 imitationem
1298 3470 1452 3573 scripto,
1488 3473 1758 3551 Platonicorum
1780 3469 1887 3546 storea

271 3571 336 3644 tias
361 3594 439 3672 ptae
464 3571 590 3651 ceteris
611 3568 782 3667 sequitur.
885 3573 934 3650 De
955 3591 1029 3644 ortu
1050 3579 1156 3649 antima
1173 3595 1233 3674 ptr
1247 3571 1421 3658 traducem,
1440 3573 1479 3648 dc
1492 3575 1715 3675 praeexistentia
1732 3579 1884 3646 animam,

270 3669 501 3760 decretione,
535 3669 660 3748 multae
683 3669 763 3745 sunt
782 3669 1063 3768 controversiae,
1088 3671 1213 3770 suique
1237 3669 1386 3778 lingulis
1407 3670 1590 3748 sententiis
1640 3675 1764 3752 attoni.
1820 3666 1884 3738 Sel·

269 3771 379 3844 tentia
407 3767 453 3844 de
477 3759 623 3872 traduae
646 3795 664 3846 a
694 3769 742 3844 ud
772 3771 895 3873 plures
920 3768 1092 3848 assensum
1111 3771 1291 3870 obtinuit,
1314 3795 1520 3870 quanquam
1542 3773 1580 3849 dt
1601 3697 1659 3854 illa
1685 3774 1750 3849 suis
1766 3761 1883 3843 difficul-

199 3962 203 3972 Ι
270 3865 399 3946 tatibus
426 3893 621 3973 urgeatur,
663 3797 906 3948 llmordieus
935 3893 1058 3946 tenere
1085 3874 1238 3946 velimus
1266 3871 1453 3947 nonnullas
1482 3871 1709 3971 assertiones,
1749 3891 1827 3968 quas
1849 3859 1883 3934 de

267 3963 460 4068 spirituum
486 3991 609 4045 natura
636 3970 743 4046 nobis
769 3968 1013 4072 persuasimus.
1074 3969 1377 4047 praeexistentiam
1401 3973 1517 4075 Angli
1539 3975 1705 4052 nonnulli
1751 3981 1882 4071 tacete·

268 4068 318 4144 ris
344 4065 588 4146 defenderunt
596 4131 606 4169 ,
630 4070 784 4172 suntque
808 4070 891 4150 libri
916 4064 1068 4150 l-Ienrici
1085 4071 1234 4172 Mohri,
1270 4068 1487 4171 Philosophi
1506 4072 1703 4152 Platonico·
1741 4061 1881 4168 attestant,

269 4166 308 4244 dt
333 4166 510 4267 aliorum,
540 4173 674 4274 integri
694 4170 801 4273 super
820 4169 894 4246 hoc
920 4193 1141 4274 argumento
1163 4170 1368 4272 conscripti.
1446 4171 1531 4246 Vid.
1560 4172 1754 4274 praesertim
1778 4159 1882 4268 M⁰hl¹

269 4265 333 4340 lib.
354 4267 393 4339 dt
415 4272 653 4342 immortalitate
673 4281 795 4360 anima,
838 4271 876 4345 ὅ(
902 4272 994 4346 Sam.
1024 4269 1175 4350 parkeri
1205 4275 1388 4344 Tetttamina
1415 4269 1881 4373 Theolagico-Plpyfica,inq11¹·

93 4365 97 4372 ’
198 4361 231 4460 J
267 4365 335 4444 bus
357 4387 484 4444 contra
507 4367 809 4470 praeexistentiam
832 4369 998 4470 disputat.
1056 4367 1163 4452 tEam
1191 4393 1342 4470 quoque
1367 4369 1578 4447 sententiam
1604 4371 1880 4448 Cattsrotnorus
1926 4397 1927 4470 q

230 4465 421 4544 'Stuotus
449 4466 617 4574 singulari
644 4468 740 4546 libro
778 4473 823 4544 de·
843 4479 961 4570 arigim
984 4479 1090 4543 arima
1121 4467 1302 4568 defendit,
1337 4470 1503 4574 Cosmopoii
1538 4495 1585 4573 ap.
1614 4471 1766 4548 libertum
1794 4450 1879 4568 Pacis·
1926 4473 1927 4516 ³

265 4591 355 4710 amn,
384 4568 430 4646 A.
460 4578 563 4670 1671.
583 4578 616 4642 m
634 4587 693 4670 spo
716 4569 840 4669 edito,
880 4572 945 4669 qui
963 4571 1074 4648 meris
1099 4565 1491 4708 teffimoniis·con'llat,
1524 4573 1685 4672 nilrdque
1709 4561 1879 4760 ffiudqffi
