3928 5240
204 233 234 344 4
465 185 471 192 ’
583 345 589 356 ι
703 239 1303 331 ,ηΑεΜτια

206 419 314 506 scribi
327 415 409 500 usus
422 442 442 497 a
455 413 625 504 studioso
639 435 835 513 curaverat,
849 417 887 513 δι
901 441 980 499 non
993 389 1058 498 sliu
1073 417 1195 524 paucis
1210 417 1250 497 in
1272 412 1362 494 locis
1380 409 1530 524 illigare)
1555 435 1771 514 correxerat,
1787 418 1880 496 mihi

144 576 148 586 ·
208 520 586 624 transmiliurn,louge
601 519 689 600 esset
703 519 1019 623 mendosrliimum,
1033 541 1091 600 ter
1105 538 1278 700 quaterve
1297 517 1383 596 illud
1398 519 1486 596 mihi
1502 519 1882 623 quamaccuratill'nne
1943 545 1944 572 l

199 626 281 713 ‚fuit
300 621 572 726 perlegendum,
590 623 628 702 δι
643 645 717 700 tarn
732 647 817 701 curn
841 621 1045 708 Codiclbus
1069 626 1109 700 M
1136 622 1204 701 Stis
1227 619 1423 698 earundem
1446 619 1530 717 aliis,
1546 647 1655 724 quam
1670 627 1883 701 com'PraeIr·

212 727 366 822 dioniius
383 724 532 802 Autoris
547 728 792 824 Polyhrflori'crs,
798 723 837 802 in
851 724 985 802 eodem
994 723 1214 802 versantibus
1222 739 1448 825 argumento,
1463 720 1589 802 sedulo
1600 723 1883 803 conferendum.

213 833 258 909 ln
275 824 553 904 hac'collatione
567 847 779 928 occupatus,
794 825 992 931 sphalmata
1006 825 1137 903 Scriba
1157 826 1360 919 innumera,
1380 845 1460 914 tum
1476 827 1557 922 alia,
1574 843 1656 906 tum
1679 826 1884 926 Orrhogra·

212 929 321 1035 phica
335 934 517 1032 praecipue
531 925 571 1004 in
587 926 811 1005 Nominibus
825 935 1011 1006 Autorum
1028 926 1197 1030 propriis,
1212 927 1367 1029 turpiter
1382 925 1594 1031 depravatis,
1607 953 1687 1032 quae
1700 933 1836 1006 ceteris
1844 949 1885 1004 e·
1943 1007 1944 1012 Ν

215 1048 298 1111 rant
310 1029 504 1128 crebriora,
520 1025 652 1128 sustuli,
667 1027 909 1123 Soloecismos,
925 1029 989 1130 qui
1004 1028 1141 1106 incuria
1156 1028 1317 1123 ejusdem
1333 1026 1456 1130 paffim
1469 1029 1692 1135 irrepserant,
1705 1026 1884 1131 Syntarii·
1943 1071 1944 1120 ,

216 1157 283 1232 cos
296 1131 506 1230 emendavi,
522 1131 685 1208 Laconas
698 1129 837 1232 aliquot
851 1134 874 1208 e
888 1133 984 1212 MSS.
998 1129 1072 1207 aliis
1089 1128 1125 1208 su
1154 1131 1265 1230 pleri,
1281 1127 1321 1204 &
1332 1128 1628 1231 Cognominibus
1641 1132 1883 1233 Scriptorum,

117 1285 121 1290 -
186 1325 190 1328 ,
245 1254 302 1312 ure
314 1228 494 1334 sepissime
508 1229 578 1309 sola
590 1231 841 1332 allegabantur,
857 1231 1112 1309 Praenominaa
1139 1229 1219 1326 jeci.
1269 1231 1435 1309 Textum
1452 1230 1896 1324 deindeLibtorum,‘Se·,
1943 1259 1944 1276 ¹

217 1259 383 1413 &ionum
399 1333 648 1436 Capitumque
662 1332 892 1434 fingulorum,
904 1333 944 1411 in
952 1332 1356 1435 Pamgraphosdistinxi,
1369 1333 1764 1436 brevibusqueinstruxi
1772 1337 1884 1412 Lem·
1943 1325 1944 1400 l

220 1441 326 1514 matis
340 1433 413 1510 srve
426 1436 640 1527 summariis,
656 1432 694 1512 &
710 1432 967 1540 Additamento
981 1435 1129 1512 Autoris
1150 1441 1297 1538 propria
1312 1442 1409 1534 (mea
1423 1437 1521 1514 enirn
1538 1433 1786 1516 nullaTextui
1802 1434 1885 1512 sunt
1943 1443 1944 1512 ὲ

61 1625 70 1650 θ
221 1533 399 1628 admista)
413 1561 493 1636 quae
505 1533 563 1636 vel
578 1535 617 1612 in
633 1538 798 1638 Margine
809 1559 919 1614 manu
934 1535 1009 1634 ejus
1027 1537 1257 1616 inveniebam
1270 1557 1460 1628 annotata,
1476 1561 1516 1614 ac
1531 1563 1604 1639 prae
1618 1537 1746 1629 ceteris
1761 1537 1884 1613 mino·
1943 1557 1944 1568 ¹

120 1633 123 1646 ’
214 1640 272 1714 τῖε
286 1637 393 1740 pretii
413 1635 737 1716 Observationibus
752 1637 807 1732 (in
823 1637 946 1714 MSSta
960 1637 1130 1731 baccea
1152 1639 1274 1714 Locos
1290 1638 1467 1738 quosdam
1487 1637 1728 1736 communes,
1746 1647 1882 1738 con'ge·
1943 1655 1944 1664 ‘

216 1736 302 1833 itis)
317 1735 399 1815 luce
414 1735 522 1838 digna
536 1736 749 1832 iudicabam,
765 1738 821 1814 vel
839 1739 1208 1830 crudelissimaque
1231 1739 1381 1840 ipsemet
1402 1737 1561 1834 irriserat,
1584 1737 1677 1841 seligi
1712 1759 1883 1841 poterant

140 1851 160 1942 ἰ
217 1841 469 1936 'Palyhrfloriciq
485 1839 576 1916 locis
591 1837 659 1917 suis
675 1839 813 1918 inserui.
866 1841 959 1944 Qrae
977 1863 1054 1917 non
1068 1865 1181 1942 pauca
1196 1840 1277 1939 elie,
1295 1862 1492 1942 totumque
1507 1845 1637 1944 Librum
1658 1849 1793 1916 Tamti.
1807 1847 1907 1938 ‹Ter-x

213 1941 306 2013 'tium
321 1941 598 2039 Mararirrq'gvar,
614 1941 662 2017 de
679 1929 826 2018 Artibus
846 1940 1080 2018 Divinatoriis
1095 1967 1138 2018 ac
1154 1942 1267 2043 Magia
1282 1943 1451 2043 (quarum
1471 1943 1565 2022 nulla
1581 1943 1619 2020 in
1636 1943 1832 2014 brittonibus
1846 1939 1884 2012 dr
1943 1951 1944 1988 ³

224 2047 354 2115 Narr‘tr‘a
367 2049 518 2116 Auroram
532 2041 675 2118 occurit
685 2041 864 2134 Historia,
879 2040 918 2118 irt
933 2039 1014 2118 solis
1027 2041 1135 2119 obvia
1152 2047 1398 2138 Polyhistoricir)
1411 2043 1567 2121 breviter
1581 2043 1821 2140 differentem,
1830 2039 1885 2116 his
1943 2109 1944 2112 ,

224 2137 502 2236 accensendum,
512 2141 610 2221 MSti
624 2141 812 2245 utriusque
827 2141 1035 2220 Polieliores
1051 2143 1221 2242 'barabba
1243 2144 1405 2236 docebit.
1454 2143 1496 2222 ln
1513 2150 1653 2223 Locum
1669 2143 1762 2216 Libra·
1773 2151 1887 2216 ,iarun
1943 2227 1944 2234 Ν

224 2246 265 2317 dr·
276 2241 394 2320 Tomi
407 2242 582 2338 ejusdem,
602 2243 674 2321 save·
694 2246 899 2345 Polybrstaris
922 2249 1060 2341 Phystcss
1076 2245 1140 2348 qui
1162 2243 1432 2343 Merarlraxvov
1453 2244 1677 2350 precedens,
1710 2267 1885 2343 campum
1943 2313 1944 2320 a

224 2341 431 2448 Disciplina
442 2344 559 2442 huius,
574 2343 903 2449 Philosophicatum
919 2353 1085 2424 omnium
1107 2347 1390 2450 praestantiffimae
1408 2345 1723 2442 &jucundilsrmm
1740 2341 1884 2446 amplis-
1943 2345 1944 2414 ἶ

221 2441 368 2545 limum,
388 2447 575 2548 precipuis
587 2469 727 2542 tanturn
742 2447 880 2548 aliquot
893 2447 986 2522 illius
1000 2449 1244 2546 scriptoribus
1259 2449 1380 2524 obiter
1394 2448 1585 2544 recensitis,
1602 2445 1826 2544 Judieiisque
1834 2444 1884 2519 de
1943 2481 1944 2542 r

141 2544 143 2551 '
223 2545 298 2622 iuis
313 2567 335 2622 e
353 2553 509 2620 Naturali
521 2569 610 2622 exce
653 2553 701 2622 tis
718 2571 759 2621 ac
773 2546 1105 2646 repetitisHilbrra,
1120 2551 1244 2646 paucis
1259 2545 1399 2622 emetiri
1418 2545 1512 2622 velle
1526 2543 1881 2648 videbaturpallibus
1943 2575 1944 2620 r

223 2643 335 2750 ipfim
349 2641 456 2739 illam,
467 2645 637 2748 Bibliopo
650 2671 671 2724 a
684 2643 733 2722 lic
744 2645 892 2722 volente
909 2657 997 2746 (ego
1010 2644 1111 2723 enim
1124 2643 1263 2724 seorsrm
1289 2647 1351 2724 edi
1363 2645 1579 2743 maluiliem)
1597 2647 1758 2726 substitui
1773 2651 1880 2740 Hasta·

223 2759 312 2824 riam
325 2752 525 2838 Naturalam,
536 2745 647 2854 Opus
659 2746 868 2924 biapartltum
882 2747 1078 2862 prolixm'n,
1091 2771 1163 2825 nec
1181 2745 1363 2827 eruditum
1388 2747 1522 2850 solum,
1543 2749 1604 2827 sed
1619 2749 1675 2844 ἃ,
1700 2755 1741 2854 in
1756 2743 1880 2826 Caufis
1943 2757 1944 2848 ξ

220 2849 550 2928 Phanomenorum
565 2849 684 2928 Natur
715 2849 791 2926 ium
805 2847 1034 2953 vestigandis,
1053 2873 1228 2954 perquam
1249 2848 1484 2953 ingeniosum.
1535 2850 1665 2954 Qod,
1680 2849 1725 2929 ab
1740 2851 1881 2927 Autore

220 2947 368 3030 duobus
381 2947 536 3046 divetis,
551 2947 657 3029 solius
671 2949 797 3029 itidem
811 2955 997 3028 memoria
1009 2937 1202 3050 beneficiis,
1218 2951 1442 3055 propofitum
1458 2951 1647 3056 Collegiis,
1660 2941 1877 3052 eodemquo

211 3046 371 3155 reliqua,
381 3051 508 3130 studio
520 3051 652 3151 revidi,
665 3053 819 3146 contuli,
831 3051 1035 3144 emendavi,
1049 3055 1230 3130 Autorum
1250 3053 1532 3131 Praenominum
1555 3055 1650 3142 auxi,
1665 3056 1704 3133 in
1718 3057 1878 3155 Peragra-
1943 3071 1944 3132 ἱ

219 3153 316 3258 phos
329 3153 488 3242 distinxi,
503 3152 710 3247 summariis
723 3153 895 3232 exornavi
910 3151 946 3228 ἃ
962 3145 1248 3229 e‘Praelrl‘liam'bu}
1261 3158 1446 3231 rlr'Norr‘tt'a
1468 3159 1619 3254 Meum
1639 3181 1682 3234 ac
1707 3153 1878 3252 Pohvhtstu·

100 3293 103 3302 ⁴
217 3255 548 3358 ncrspaueuiisque
562 3253 734 3333 Morbofii
752 3254 863 3357 ipsius
876 3257 990 3332 Notis
1005 3254 1253 3356 marginalibus
1269 3255 1521 3360 οἱυτογςοὶφως,
1535 3258 1620 3335 hinc
1634 3258 1722 3335 inde
1735 3251 1879 3359 supple·
1943 3324 1944 3344 ,

208 3356 257 3434 'vi
271 3355 309 3434 dt
323 3355 554 3460 locupletavi,
601 3353 902 3445 Exhibentuttibi
916 3353 1085 3456 proinde,
1100 3359 1142 3435 L.
1161 3359 1202 3441 Β.
1222 3366 1337 3436 unico
1361 3358 1681 3454 hocvolumine,
1705 3364 1753 3441 rii
1784 3359 1878 3440 arrisu
1943 3395 1944 3402 κ

218 3456 404 3551 Motholii,
418 3477 500 3538 tum
513 3461 687 3553 Polyhrstor
700 3459 859 3560 integer,
878 3456 953 3534 aliis
980 3456 1025 3534 ad
1047 3465 1260 3564 notuit-telas
1279 3459 1374 3540 viam
1401 3461 1603 3541 ostensurus
1617 3463 1771 3564 regiam,
1797 3481 1877 3541 tum
1943 3499 1944 3552 ς

197 3563 369 3654 «Hastam
382 3565 565 3651 Narmalis,
577 3558 762 3636 Methodo
776 3555 962 3652 Eciedlica,
977 3567 1166 3663 genioque
1187 3563 1305 3640 Seculi
1324 3563 1459 3656 nostri,
1472 3569 1512 3640 in
1535 3563 1690 3665 Pbyficis
1703 3584 1877 3666 perquam
1943 3625 1944 3636 Ν

217 3659 369 3757 aurioli,
386 3659 503 3746 sedin
520 3659 679 3760 Magistri
697 3661 832 3740 nullius
843 3660 1105 3757 verbaiuranri,
1120 3687 1292 3765 congrua,
1314 3665 1528 3744 dexteritate
1543 3663 1706 3768 singulari
1720 3665 1874 3743 concin-
1943 3659 1944 3748 l

214 3767 310 3857 nata,
324 3764 552 3866 Opera,non
569 3763 717 3863 quidem
731 3763 903 3840 omnibus
918 3763 1081 3841 numeris
1095 3764 1267 3860 absoluta,
1285 3765 1435 3867 &iusta
1452 3790 1561 3869 quam
1583 3768 1757 3870 superstes
1774 3767 1876 3844 abhi·
1943 3775 1944 3830 i

212 3859 499 3956 biturussuilstt,
514 3864 742 3942 accuratione
766 3864 952 3957 exusciata,
975 3865 1035 3942 sed
1057 3865 1197 3968 publica
1220 3869 1459 3972 martenium,
1485 3871 1535 3946 ob
1548 3869 1718 3974 plurima,
1744 3871 1875 3972 quibus
1943 3855 1944 3948 l

210 3961 360 4072 scatent,
374 3965 543 4068 preclare
560 3965 699 4043 monita
714 3965 752 4043 dr
766 3965 914 4045 solerter
926 3965 1120 4066 observata,
1137 3965 1375 4058 nihilominus
1394 3969 1600 4072 digniliima.
1651 3971 1797 4076 Qibus
1810 3969 1874 4058 ,uti

210 4089 336 4145 meum
349 4067 439 4144 nihil
462 4064 647 4158 immiscui,
665 4067 713 4144 ita
728 4067 865 4171 privata
879 4068 1020 4172 aliquot
1034 4071 1226 4171 Dogmata,
1242 4069 1384 4171 Phyfica
1401 4073 1583 4176 praecipue
1603 4063 1669 4169 (de
1682 4073 1811 4151 Anima
1827 4075 1874 4150 sc.
1943 4077 1944 4160 ζ

196 4167 711 4282 ³Mi1ndr,‘rnnsmutauone
739 4171 986 4262 Metellorum,
1000 4157 1343 4274 &cndfinguiaria
1366 4174 1674 4278 descriptoribus
1688 4175 1873 4252 nonnullis
1943 4161 1944 4252 l

208 4269 359 4372 iudicia,
398 4269 690 4349 ancorumlorrc
711 4271 915 4373 applausum
939 4273 1129 4371 meritura,
1151 4299 1389 4377 magnamque
1411 4297 1550 4376 partem
1564 4278 1694 4377 nimio,
1709 4301 1786 4380 quo
1810 4278 1871 4353 lia·

105 4423 110 4434 ·
207 4371 343 4476 grabat,
393 4371 524 4478 hymiae
536 4373 750 4454 secretioris
764 4374 888 4456 studio
903 4375 1127 4480 imputanda,
1135 4379 1343 4459 Autorime
1356 4379 1422 4458 liro
1434 4378 1651 4483 relinquere,
1665 4403 1738 4460 nee
1752 4401 1870 4498 patro-

1358 4505 1362 4511 ’
1729 4506 1869 4564 timum

885 9 1049 96 ι,
