3964 5218
242 243 387 376 ‘424'
713 265 877 377 ronta.
902 237 1099 373 Phios'opi.
1134 263 1216 349 etl.
1237 265 1282 351 11.
1303 265 1409 350 ran.
1429 271 1520 354 rt·

18 433 19 448 '
139 484 142 492 ·
269 463 440 520 arcanam
455 441 685 518 metallorum
698 443 1051 541 transmutandum,
1069 440 1107 518 ὅ(
1121 415 1427 523 circumferuntur
1441 463 1520 517 eam
1540 413 1676 540 intem
1692 438 1827 547 integri
1840 465 1915 546 pro

271 539 395 643 celluS,
414 539 476 620 sed
492 540 650 618 fabulosa
670 543 727 618 illa
745 541 826 620 sunt
845 543 970 623 omnia
990 542 1028 618 or
1048 539 1214 618 confisto.

18 757 22 775 λ
173 700 177 706 ·
208 711 227 782 3
311 667 316 678 ’
366 681 422 751 Sti
437 686 661 776 Ammoniacus,
687 676 747 754 seu
761 677 1011 776 Armeniacus,
1025 675 1192 752 naturalis
1207 675 1294 750 item
1305 671 1357 750 est
1370 673 1408 751 ὅ(
1422 671 1591 774 factitius,
1607 651 1746 774 riuique
1756 675 1916 754 naturalis

122 863 125 874 .
223 811 226 816 ·
268 775 331 878 est,
348 773 412 855 sub
424 805 529 855 arena
545 781 742 878 invenitur,
765 781 803 854 in
819 777 966 854 laminas
982 797 1190 874 concretus,
1210 773 1252 850 ¹&
1264 771 1415 872 quidem
1431 777 1469 850 in
1485 777 1638 880 regione
1646 774 1858 876 Cyrenaica,
1866 801 1918 852 co·

267 880 348 956 lore
364 881 545 984 nigricans
562 877 744 980 &sapore
760 881 931 982 ingratus.
979 875 1036 952 Sal
1051 873 1100 950 est
1113 873 1252 950 summe
1267 875 1438 974 volatilis,
1463 875 1502 952 ἃ
1519 877 1688 950 maximae
1704 875 1919 952 inmedicina

269 977 449 1077 utilitatis,
478 977 505 1054 st
528 985 724 1081 pererrem
738 978 946 1079 chymicarn
969 975 1154 1054 traiietut.
1176 973 1306 1052 fSolet
1320 977 1510 1078 etlamper
1532 974 1750 1055 anemfieri
1764 999 1812 1052 ex
1826 980 1919 1076 quin·

139 1107 143 1114 ·
269 1103 343 1180 que
359 1078 522 1182 partibus
541 1080 654 1168 urinae
670 1079 860 1177 humanae,
913 1099 990 1154 arte
1004 1100 1074 1152 una
1090 1073 1166 1152 salis
1186 1081 1461 1174 communisse
1473 1097 1580 1180 parte
1599 1073 1748 1152 dimidia
1769 1074 1921 1194 fuliginis

267 1182 469 1282 lignorum,
485 1178 588 1254 stmul
600 1177 714 1256 costis
728 1178 774 1254 ad
795 1202 866 1254 con
885 1181 1088 1254 umtionem
1103 1175 1340 1272 humiditatis.
1392 1175 1536 1274 Odotis
1557 1169 1608 1252 est
1621 1179 1758 1279 gravis,
1784 1177 1849 1276 q'ut
1867 1177 1918 1252 ad·

193 1327 197 1337 ·
267 1277 424 1356 modum
444 1281 617 1382 percellat
632 1303 757 1377 nates,
782 1281 859 1354 imo
879 1275 1053 1354 suffocare
1076 1274 1213 1379 pollet,
1234 1273 1261 1350 sr
1285 1275 1433 1353 naribus
1456 1273 1712 1393 imprudenter
1735 1279 1920 1356 hauriatur.

200 1377 208 1390 '
267 1377 337 1455 Ma
390 1383 523 1456 aenim
540 1381 596 1457 vis
613 1379 688 1479 ejus
701 1377 849 1455 Elastica
862 1375 931 1476 est,
957 1379 1000 1454 δι·
1009 1399 1236 1552 magnopere
1254 1374 1289 1452 se
1306 1373 1490 1476 diffundit,
1516 1374 1677 1476 ideoque
1689 1379 1728 1452 ln
1744 1375 1917 1482 spiritibus
1959 1379 1960 1388 ’

267 1479 314 1557 ad
341 1478 591 1556 erevocandis
606 1483 752 1582 optimo
770 1503 855 1556 cum
870 1475 1057 1554 succellua
1086 1475 1240 1552 hibetur.
1290 1475 1327 1552 Si
1340 1475 1446 1575 quod
1460 1475 1687 1553 menstruum
1700 1501 1748 1554 ex
1764 1499 1811 1554 eo
1830 1503 1916 1581 pare·

144 1665 149 1678 ,
267 1601 329 1660 tur
341 1578 512 1680 sttbtilius,
527 1584 634 1679 eique
643 1573 844 1679 juncantur
858 1577 1117 1682 vegetabilium
1134 1577 1213 1652 olea
1232 1575 1296 1652 vel
1307 1573 1412 1676 succi,
1425 1573 1621 1654 momento
1639 1601 1735 1678 pene
1746 1583 1916 1683 temporis

267 1706 337 1783 per
351 1703 474 1758 totum
501 1705 637 1783 corpus
659 1649 866 1758 diffundere
889 1683 968 1755 vim
990 1677 1087 1753 suam
1104 1675 1247 1778 potest,
1273 1677 1313 1754 δι
1333 1677 1424 1751 mita
1443 1682 1771 1776 nonnunquamin
1786 1681 1916 1758 morbis

266 1781 446 1884 praestare.
485 1781 583 1856 ⁴Sunt
601 1781 639 1857 ἃ
659 1783 734 1880 ejus
748 1783 785 1854 in
799 1779 1028 1855 metallorum
1065 1777 1363 1879 reparationibus
1378 1777 1644 1881 viresmagnae.
1695 1779 1796 1882 Nos,
1816 1779 1915 1858 milis
1960 1825 1961 1854 t

89 1921 100 1944 r
217 1973 222 1984 ¹
264 1883 404 1984 salibus,
421 1882 459 1958 iit
474 1902 555 1960 tota
568 1881 798 1958 mineralium
812 1877 990 1980 destrina,
1014 1803 1065 1955 ag
1076 1877 1290 1983 vegetabilia
1307 1899 1377 1956 nos
1394 1900 1666 1956 convertemus.
1772 1899 1784 1978 j
1960 1883 1961 1918 ³

69 2209 71 2219 ,
675 2187 677 2197 ·
953 2146 1113 2227 car.
1163 2146 1246 2224 xi.
1777 2185 1784 2199 ·

339 2271 341 2276 ’
403 2319 512 2425 na
582 2247 1097 2427 antumant
1168 2291 1778 2427 vaesana-roua

205 2535 208 2542 ¹
262 2571 291 2655 §.
322 2590 350 2642 t.
399 2567 511 2660 Anima
528 2566 711 2663 chttative
724 2559 987 2657 Aristotelicorum
1000 2562 1191 2663 exploditur.
1242 2580 1275 2636 2.
1308 2564 1391 2632 Vera
1407 2561 1914 2662 vegetationit'issruiitficatiam‘t

410 2665 595 2765 plantarum
609 2672 710 2751 ratio,
739 2690 780 2734 ex
800 2667 878 2738 itm.
902 2659 1018 2762 Digiti
1032 2661 1105 2763 Diffi
1122 2661 1161 2735 cie
1174 2661 1234 2747 iiia,
1258 2663 1426 2763 quaefimui
1440 2665 1694 2750 commendatur,
1709 2669 1861 2769 'txpofita
1873 2664 1910 2741 ’θ’
1962 2685 1963 2690 ’

416 2770 493 2836 vitis
507 2763 815 2865 extmpioiiusirata
868 2787 902 2861 3.
918 2759 1454 2866 Experirnerttachucciarborum
1468 2773 1597 2836 nutritii
1610 2770 1819 2840 arculam.
1839 2773 1911 2839 Laus
1962 2783 1963 2832 l

417 2863 621 2940 Anatomes
636 2861 841 2962 Plantarum
865 2863 1010 2956 llartelit'
1021 2859 1199 2965 'Maiptgit'i
1249 2888 1284 2960 4
1307 2866 1485 2964 Scriptores
1504 2865 1543 2938 dc
1560 2867 1677 2966 piratis
1694 2865 1740 2942 εἰ
1758 2865 1909 2940 arboribus

415 2971 509 3052 varii,
528 2962 700 3065 prasertim
715 2966 867 3060 Historici.
922 2989 952 3058 5.
976 2968 1153 3066 Scriptores
1165 2963 1204 3036 de
1220 2967 1343 3036 Piantis
1359 2963 1498 3060 Asiaticis
1511 2960 1555 3040 ὅ
1572 2973 1772 3040 Americanis.
1823 2966 1909 3040 Abra

417 3065 491 3137 ham
508 3067 623 3135 mutiat
637 3067 748 3136 Prima
764 3067 802 3136 de
818 3067 948 3137 Piantir.
1013 3072 1045 3136 6.
1074 3069 1154 3135 osu.
1178 3065 1306 3136 Croilius
1327 3059 1372 3138 ὅ
1390 3069 1431 3160 J.
1447 3069 1540 3170 Bapt.
1563 3070 1664 3140 Porta
1685 3069 1724 3140 de
1738 3063 1907 3170 figuris&

408 3166 582 3266 fignaturis
598 3165 797 3254 Pleuratum,
822 3167 900 3264 Jic.
920 3165 1019 3237 Bihm
1038 3163 1085 3242 de
1100 3163 1302 3267 Signaturis
1320 3187 1457 3242 rerum.

205 3397 223 3452 t
262 3339 367 3636 E
383 3364 533 3440 Tellure
546 3360 694 3440 tandem
709 3361 863 3463 eluilati,
879 3387 931 3462 ea,
945 3368 1029 3464 quae
1045 3366 1140 3442 circa
1156 3331 1322 3442 tellurem
1337 3363 1429 3462 sunt,
1442 3389 1483 3442 ac
1495 3363 1535 3440 in
1550 3365 1746 3476 superficie·
1756 3369 1834 3470 ejus
1847 3373 1909 3448 ha

359 3533 362 3540 Α
394 3485 487 3565 rent,
504 3464 710 3562 videamus,
736 3489 801 3542 eor
831 3465 892 3541 ora
909 3467 951 3540 sc.
965 3466 1038 3563 illa,
1064 3488 1143 3564 quae
1161 3489 1181 3542 e
1196 3463 1390 3542 seminibus
1409 3464 1478 3541 suis
1493 3469 1665 3545 continua
1685 3493 1732 3571 ap
1763 3470 1910 3550 ositione

393 3564 616 3662 excrescunt,
641 3589 753 3663 quarn
766 3491 1125 3642 VRGETATloN
1128 3565 1206 3642 EM
1220 3563 1386 3664 dicimus,
1404 3589 1589 3664 quemque
1597 3567 1718 3646 nilum
1734 3495 1909 3676 {eripete

396 3667 458 3741 tici
476 3689 554 3741 non
570 3662 705 3762 absque
723 3662 893 3770 singulari
916 3665 1032 3762 aliqua
1044 3669 1161 3742 anima
1181 3663 1384 3746 absolvunt.
1436 3665 1499 3741 lab
1516 3669 1572 3744 illa
1592 3665 1691 3744 enim
1711 3675 1908 3772 procedere

259 3785 400 3938 putant,
416 3764 518 3864 quod
536 3789 604 3842 nos
620 3766 760 3866 nutriri,
773 3763 947 3864 crescere,
970 3765 1117 3866 florere,
1132 3765 1272 3844 fruilus
1288 3765 1396 3867 ferte,
1414 3767 1581 3868 dicimus,
1597 3767 1647 3866 ἃ,
1663 3769 1862 3850 secundum
1877 3776 1908 3850 il·

272 3889 310 3942 as
326 3867 440 3942 varias
452 3867 679 3943 alterationes
694 3868 853 3966 partium
872 3868 909 3942 in
928 3867 1070 3968 plantis,
1094 3871 1208 3945 vatius
1232 3869 1318 3944 huic
1337 3872 1467 3944 animae
1489 3872 1710 3972 vegetativ'ae
1730 3870 1910 3952 facultates

256 3963 473 4065 adscribunt,
493 3963 696 4042 facultatem
709 3964 753 4042 sc.
764 3968 988 4066 nutritivam,
1000 3965 1196 4044 austricem
1212 3969 1250 4046 δι
1292 3969 1536 4046 eneratricem.
1610 3968 1741 4048 Talem
1758 3977 1909 4052 animum

22 4139 23 4146 Ν
102 4077 109 4086 ·
260 4067 504 4168 vegetativam
516 4061 664 4170 fingulis
679 4067 1062 4168 plantis&arboribus
1077 4067 1183 4143 elles
1201 3991 1361 4160 aericum
1375 4069 1518 4145 volunt.
1566 4067 1737 4149 sednon
1751 4097 1849 4172 opus
1862 4073 1907 4152 eil

255 4162 302 4240 ad
315 4166 450 4242 animas
464 4164 523 4240 hic
534 4189 731 4266 recurrere,
750 4191 835 4242 cum
851 4164 1090 4246 demonstrari
1105 4094 1201 4246 nulli
1211 4173 1351 4246 tatione
1366 4172 1451 4253 tales
1458 4166 1591 4246 forma:
1631 4171 1751 4250 offint.
1775 4174 1908 4251 Sufficit

255 4263 356 4340 hico
423 4268 500 4341 nica
515 4289 581 4340 cor
609 4291 719 4344 orum
737 4293 820 4344 com
852 4266 1211 4366 olitio,quaesuccum
1222 4271 1413 4348 nutritium
1428 4269 1502 4346 hoc
1513 4271 1572 4345 vel
1580 4195 1641 4348 ilfi>
1657 4273 1778 4350 modo
1786 4277 1906 4352 admit·

257 4365 310 4441 tit.
403 4367 461 4442 inc
473 4364 571 4440 teile
623 4391 799 4446 onoratus
813 4293 848 4443 ξ
844 4369 931 4468 abri,
940 4367 1108 4471 lingulati
1117 4370 1224 4469 libro,
1239 4371 1397 4474 eleganti
1411 4368 1793 4476 &curiosmdtpiantin
1806 4373 1904 4452 Parii

257 4467 304 4539 Α.
322 4473 426 4543 ι666.
443 4475 476 4539 in
488 4486 545 4556 tto
562 4467 675 4566 edito,
688 4471 740 4543 iii.
755 4497 775 4543 ι.
786 4491 875 4646 prpp.
891 4487 930 4551 rs.
946 4469 1005 4568 ait,
1027 4469 1130 4567 quod
1145 4469 1264 4548 forma
1282 4471 1416 4572 plantae
1428 4470 1524 4546 nulla
1538 4469 1581 4547 srt
1595 4475 1724 4550 entitas
1739 4473 1901 4576 absoluta,

257 4565 362 4666 quod
378 4569 546 4648 illaextra
557 4567 719 4670 plantam
736 4567 828 4649 subsr
858 4567 1137 4672 etenonpollrt,
1152 4571 1190 4650 er
1204 4569 1306 4672 quod
1322 4572 1476 4675 proprie
1488 4573 1808 4675 nonproducanrr.

1670 4673 1899 4816 ,Magnam
