3894 5232
409 223 415 229 .
436 252 516 358 Cap.
532 253 615 338 XII.
636 253 695 340 Dc
709 252 897 358 Principiis
911 238 1285 359 Plysscis'nrist'orelis,
1303 190 1372 352 &a
1665 264 1738 342 ⁹23

73 437 124 536 pei
138 421 256 516 veiint,
277 440 331 507 net
344 453 397 532 ego
410 431 476 536 ipse
491 433 673 526 abnuerim,
690 441 851 534 jccoenile's
873 451 979 516 matie
1003 439 1120 518 ardore
1142 466 1180 512 ce
1194 447 1309 540 genio,
1333 434 1372 516 (ὅ
1394 421 1510 528 averso¹
1529 435 1651 519 anime,
1675 455 1736 534 qno
1878 485 1882 494 ·

33 587 36 598 ,
63 533 180 634 semper
194 539 232 605 in
253 537 453 635 Stagiritam
461 541 554 634 fuit,
581 541 636 612 hoc
654 539 877 640 indulgnrdnm
902 548 969 641 effla
1045 547 1168 616 Omitto
1193 546 1293 616 aliam
1326 533 1452 630 causam
1482 533 1735 625 Gpmnnstieam,

69 636 177 724 mjiric
202 637 290 708 Gallo
311 675 326 691 ·
351 637 703 736 Prouincialibtcsstttir
717 664 925 744 compertam,
949 673 1014 752 qua
1018 643 1149 746 sodium
1153 648 1201 738 sit
1220 637 1445 748 aquirstxtii'i
1456 693 1466 726 2
1482 641 1581 730 stillis
1597 639 1737 728 Bajmr
1781 674 1786 685 ²

69 735 213 813 &ctiam
229 734 327 829 aiibi,
349 757 386 809 ut
406 742 527 812 alienus
545 768 567 815 a
588 751 679 816 novit
700 747 873 845 Magistri:
891 759 1026 821 animur
1037 757 1077 820 in
1112 773 1182 818 eam
1203 745 1401 826 acerinam,
1428 764 1524 842 qtcam
1548 739 1609 838 ipſs
1621 731 1734 807 trade·

68 835 154 922 lm,
177 837 411 937 resuetderetur.
464 837 566 920 ldem
587 839 766 944 nuperius:
794 847 891 920 Nihil
917 875 1046 936 moror,
1071 844 1213 948 inquit,
1246 845 1437 918 Sentiscialas
1463 837 1632 941 qratiam,
1658 843 1734 936 φῖ,

69 943 203 1030 ctonstnt
223 943 353 1014 leuioris
368 963 552 1028 ¹tentatura
572 945 730 1033 baeninct,·
761 951 980 1050 Stagiritam,
1005 960 1133 1050 ep'tthne
1156 973 1328 1050 organum,
1351 965 1388 1016 att
1410 943 1512 1042 futile
1545 938 1584 1016 {5
1618 938 1734 1008 inutile

68 1049 260 1215 hillis,
274 1044 512 1246 mii
533 1047 1251 1247 bimaitiiimsiliiimii‘psliii
1273 1035 1733 1242 belliniensis:
1794 1109 1851 1180 ·=

63 1245 214 1336 panias,
238 1256 449 1346 excogitatum
478 1248 519 1326 θ’
542 1247 580 1322 ab
593 1245 731 1326 hominis
750 1260 879 1352 ingenio
891 1179 1106 1353 parinuriruesic
1128 1253 1215 1324 nibil
1237 1248 1286 1335 ibi
1309 1243 1433 1346 sciſsent
1452 1247 1491 1324 εἰ
1502 1247 1622 1342 sutile,
1647 1239 1732 1314 malli
1849 1243 1854 1254 ’

67 1343 109 1416 ili
121 1345 329 1420 centradiiie'o
353 1351 404 1422 vel
413 1359 449 1420 in
482 1359 555 1433 tia,
581 1372 619 1423 ut
634 1373 806 1454 perperam
833 1357 1005 1449 Gafferrdns
1032 1351 1212 1458 exprobrat.
1289 1343 1407 1450 Qud
1421 1344 1489 1423 viri
1511 1338 1614 1421 istius
1636 1339 1730 1439 juds-

68 1442 155 1522 cium
180 1451 308 1549 potius
330 1370 499 1552 ampleii
521 1447 650 1544 velim,
676 1477 784 1553 quam
806 1451 982 1546 Galsepdi
1000 1451 1242 1551 sententiam,
1267 1457 1351 1554 qui,
1377 1446 1624 1526 cavillatorem
1649 1463 1731 1561 tan·

66 1566 137 1624 tum
151 1555 282 1652 agens,
306 1547 540 1630 meliorande
560 1575 640 1632 non
662 1554 943 1658 docuit,-·quod
968 1553 1176 1636 facillimum
1198 1553 1268 1634 else
1293 1551 1376 1654 quis
1397 1547 1537 1632 nescit?¹
1560 1549 1730 1650 lnprsmts

65 1647 101 1724 in
114 1663 277 1730 veterum
287 1649 435 1730 illorum
450 1657 632 1734 Autonun
661 1644 844 1758 Scriptis,
857 1657 933 1760 qui,
956 1683 1042 1738 cum
1063 1683 1136 1738 una
1152 1654 1426 1734 illaeontextus
1448 1649 1536 1730 serie
1556 1646 1731 1736 scribant,

65 1773 129 1827 nec
143 1751 327 1832 Methodo
340 1752 567 1850 Scholastica,
583 1777 648 1858 per
669 1758 786 1848 theses
808 1757 848 1836 dt
869 1760 1019 1862 regulas,
1040 1757 1235 1838 sententias
1266 1756 1343 1836 suas
1366 1769 1596 1858 proponant,
1621 1747 1731 1864 facile

66 1845 265 1952 imbuitione
278 1855 464 1952 cujusdam
479 1856 581 1959 argui
596 1857 758 1960 possunt,
785 1861 888 1962 quod
912 1862 1020 1945 tantis
1043 1857 1129 1939 viris
1149 1859 1379 1964 exprobrare,
1394 1855 1507 1950 velle,
1521 1854 1604 1932 leve
1618 1849 1729 1930 nimi's

66 1955 132 2047 est,
146 1953 182 2036 dt
195 1955 322 2048 sutile,
347 1981 433 2041 cum
448 1958 490 2042 iis
504 1966 626 2062 gratie
638 1961 760 2064 potius
774 1961 922 2064 agendae
936 1963 1058 2055 essent,
1074 1959 1179 2067 quod
1199 1981 1379 2040 tantarum
1404 1981 1524 2038 rerum
1540 1953 1728 2038 thebaeos

65 2057 165 2137 nobis
177 2057 481 2140 conservaverint.
535 2061 740 2170 Qisenim
755 2085 841 2141 ante
861 2063 1096 2143 Aristotelem
1117 2083 1280 2166 unquam
1295 2061 1343 2138 de
1365 2058 1572 2140 Dialeilicis
1594 2081 1731 2162 praeoe7

64 2160 140 2264 ptis,
152 2167 192 2240 in
205 2160 374 2240 ordinem
388 2161 606 2266 redigendis,
620 2165 818 2266 cogitavit?
828 2255 830 2262 Ι
841 2163 880 2242 ἃ
895 2166 924 2244 is
935 2183 1058 2244 tamen
1074 2174 1123 2244 ita
1138 2165 1325 2243 ordinavit
1336 2165 1474 2250 omnia,
1484 2183 1537 2260 ut,
1553 2159 1617 2263 qui
1624 2165 1729 2260 inge·

64 2261 157 2342 nium
177 2262 370 2348 isiiusnon
385 2264 545 2359 miretur,
560 2288 621 2344 aut
636 2263 854 2366 beneficium
868 2265 1036 2361 aestimet,
1056 2265 1242 2368 improbus
1256 2263 1426 2368 proseblo
1448 2263 1659 2364 &ingratus
1675 2258 1730 2344 fit'.

63 2365 205 2468 Absque
217 2366 317 2444 enim
332 2366 394 2444 illo
411 2362 542 2454 fuisset,
557 2391 669 2445 nemo
685 2365 835 2444 sortaffis
847 2362 1026 2468 extitisset,
1041 2369 1105 2469 qui
1123 2365 1536 2471 Dialecticespraecepra,
1551 2365 1593 2441 oc
1612 2383 1728 2440 artent

62 2467 157 2546 iilam
175 2467 415 2570 Anolytlcam,
430 2467 488 2546 vel
504 2467 724 2570 primoribus
740 2469 953 2548 rudimentis
967 2464 1184 2572 delineasset.
1236 2467 1462 2578 Qodsttam
1471 2465 1626 2573 pulchro
1634 2465 1733 2568 ope?

62 2569 192 2654 n'naevi
223 2569 344 2650 uidam
352 2567 540 2662 inherent,
549 2597 628 2650 non
638 2571 725 2658 ideo
748 2573 945 2654 exclamare
965 2570 1083 2659 statim
1105 2575 1300 2670 debemus,
1314 2574 1444 2652 librum
1468 2567 1537 2648 effe
1559 2567 1730 2672 ineptum

58 2595 281 2768 [dtinsulium.
371 2671 407 2748 ui
422 2671 513 2752 boni
529 2672 610 2788 viri,
627 2671 651 2768 li
666 2675 803 2776 abpqu'e
822 2675 1017 2785 Aristotele
1036 2679 1161 2780 essent,
1178 2665 1290 2781 qu'em
1311 2699 1499 2778 nunquam
1520 2693 1660 2768 attente
1676 2666 1729 2745 le'·
1788 2703 1800 2717 ·
1910 2736 1913 2746 ,

62 2775 289 2874 geruntinte
302 2775 367 2854 ista
381 2781 493 2874 magis
506 2796 597 2854 mutt
618 2773 741 2869 essent,
754 2803 865 2878 quam
877 2777 1000 2876 piscee
1030 2785 1249 2876 Nunecutn
1261 2779 1398 2882 primus
1413 2783 1444 2852 is
1460 2775 1568 2852 nobis
1582 2773 1728 2852 fontem

61 2880 202 2990 aperuit,
215 2901 322 2956 antea
335 2875 552 2978 ignoratum,
562 2878 807 2980 noviquidam
823 2877 1007 2960 Dialeilioi
1019 2881 1064 2958 -in
1074 2881 1195 2960 rivulis
1210 2879 1289 2978 suis,
1304 2877 1451 2980 quosab
1460 2877 1529 2954 isto
1545 2871 1727 2954 fontede-

61 3001 223 3072 nvatunt,
239 2979 304 3056 soli
318 2978 542 3082 triumphare
558 2980 697 3060 volunt.
752 2984 811 3058 De
827 2983 941 3060 Romo
957 2982 1195 3082 rectejudtcat
1209 2982 1290 3080 joh
1306 2975 1478 3058 Riolaous
1492 2990 1527 3052 in
1535 2978 1727 3082 pra‘sara‘one

66 3085 232 3158 tractatus
246 3083 285 3156 ie
301 3090 480 3186 Principiis
495 3085 650 3178 Physicis:
678 3091 792 3158 Petrus
806 3095 938 3176 Romus,
964 3077 1104 3189 lnquit,
1118 3085 1256 3182 Phystcis
1269 3089 1378 3182 Stetit
1389 3093 1449 3156 oix
1462 3081 1628 3172 initiatur,
1641 3079 1728 3172 Pty-

53 3189 127 3278 fitns
140 3186 250 3260 uideri
263 3189 342 3274 on!t‚
349 3185 550 3289 gradumque
553 3185 620 3280 fibi
634 3199 737 3259 munit
759 3189 806 3260 ad
807 3191 962 3288 gloriam,
980 3218 1050 3268 cum
1069 3199 1137 3289 ejus
1157 3198 1272 3274 ruina,
1291 3196 1380 3285 cujtcs
1402 3181 1546 3258 umbram
1582 3185 1729 3282 referre,
1781 3263 1784 3268 ¹
1835 3227 1838 3236 ι

61 3287 181 3384 oelfise
194 3299 332 3391 reperit,
346 3317 407 3360 aaa
418 3289 517 3390 paffle.
571 3290 627 3364 De
646 3287 799 3388 ehyficis
813 3313 1016 3391 quanquam
1040 3313 1120 3369 non
1136 3288 1231 3369 adeo
1252 3311 1355 3372 nunc
1374 3284 1512 3385 dicam,
1536 3277 1726 3360 intererit

60 3405 174 3466 tamen
190 3411 265 3466 tam
281 3388 410 3466 acerbe
423 3385 560 3468 trailari
578 3413 597 3466 a
613 3391 726 3468 Romo
741 3389 979 3492 Aristotelem,
995 3417 1052 3470 res
1073 3390 1126 3470 est
1143 3389 1391 3474 intolerabilis.
1465 3387 1510 3464 Et
1522 3385 1562 3464 in
1577 3379 1657 3487 ipsts
1673 3401 1726 3486 ta·

61 3513 141 3568 men
154 3489 311 3592 Phyficis
332 3489 506 3588 habemus
530 3491 695 3594 preclara
715 3491 849 3590 multa,
870 3493 1051 3610 precipue
1070 3497 1238 3590 historiam
1259 3493 1336 3591 ejus
1357 3493 1564 3578 animalium,
1591 3483 1725 3587 quibu‘e

60 3614 162 3682 certe,
180 3592 282 3670 velut
295 3591 461 3672 thesauro
501 3592 635 3672 uodam
657 3612 805 3696 parato,
828 3617 881 3672 utr
904 3616 1006 3675 nunc
1027 3589 1223 3697 possumus}
1364 3591 1417 3671 od
1437 3591 1477 3669 in
1498 3585 1723 3706 generalibus

58 3693 243 3798 principiis
258 3618 636 3798 fint,quaedelderent
652 3695 832 3782 nonnulli,
846 3721 904 3776 tes
919 3694 1091 3799 profecit>
1104 3698 1195 3778 tanti
1213 3720 1292 3776 non
1353 3695 1722 3804 ,utconJurotlonem
1796 3769 1798 3774 .

58 3795 207 3898 aliquam
223 3798 448 3876 instituamus
462 3822 589 3874 contra
607 3797 843 3898 Aristotelem,
856 3819 919 3878 aut
940 3797 1149 3878 exscindere
1176 3823 1262 3879 eum
1282 3797 1454 3877 omnibus
1475 3791 1580 3871 armis
1597 3813 1722 3894 cupra·
1779 3799 1786 3874 ζ
1922 3811 1925 3818 ’

57 3923 142 3982 mus.
171 3901 299 3977 Nemo
319 3901 418 3976 enim
433 3899 507 3992 ista,
517 3901 577 3977 vel
596 3924 768 3994 veterum,
784 3903 841 3978 vel
856 3899 1105 3980 recentiorum
1119 3899 1430 4006 Philosophorum,
1449 3895 1497 3974 ita
1512 3893 1722 3978 firmaverit,

59 4021 97 4077 ut
111 4000 203 4078 nulli
225 4000 459 4104 disputationi
480 4000 548 4080 stnt
569 4001 738 4079 obnoxia.
816 4003 931 4104 Urget
946 4001 1009 4081 ista
1023 4000 1137 4081 satolis
1152 4002 1316 4107 quedam
1332 3998 1544 4092 obscuritas,
1558 3998 1722 4075 humano
1793 4006 1797 4016 “

57 4098 204 4202 ingenio
220 4103 285 4179 vix*
298 4102 589 4207 pet-vestigabilis,
604 4101 705 4203 qnod
721 4103 759 4182 in
781 4103 823 4180 ali
851 4103 959 4182 uibus
982 4113 1181 4184 notionum
1201 4126 1262 4183 aut
1287 4127 1407 4182 conce
1434 4107 1537 4180 ntum
1571 4121 1722 4200 genera·

50 4203 143 4301 ,lium
155 4205 296 4284 umbris
311 4203 681 4306 conquiescetlucetn
692 4129 897 4314 verpiplim
912 4205 1070 4291 veritatis
1079 4231 1156 4286 non
1171 4205 1385 4310 assequente.
1407 4127 1723 4301 iufficitillimuae·

58 4304 221 4404 drmejus
233 4305 362 4385 sentire
371 4306 588 4410 crepuscula,
604 4307 643 4386 &
656 4307 716 4384 sub
739 4332 799 4384 cre
827 4331 885 4386 eta
898 4306 1057 4388 ilie-luce
1071 4307 1322 4413 preminentes
1338 4303 1498 4396 veritatis
1511 4302 1647 4381 tediosa
1661 4301 1721 4376 i'n·

58 4404 778 4534 tetimiolimpiricaillaspecialiexctcett
817 4413 1155 4518 ,quanmmpoteh
1169 4407 1432 4520 Qihtistoteli
1445 4408 1496 4520 ob
1512 4397 1720 4588 ipriilttllndap

786 4641 793 4652 ι
968 4621 985 4650 Χ
1133 4625 1138 4630 “
1219 4623 1223 4630 “
