3876 5234
236 259 238 264 V
268 241 1398 418 0112.leDeredaxPrincipimuanhysscvrumcoralitbriunr.
1642 309 1721 400 sep

79 471 296 574 advertimus,
312 463 472 576 nisa'quis
484 497 553 579 pro
568 473 637 554 illis
655 473 788 554 lubere
807 457 895 555 uelit
907 473 1011 579 ignes
1023 469 1103 554 illos
1118 473 1387 570 subterraneos,
1409 496 1471 558 tut
1486 465 1562 572 ejus
1576 471 1717 556 massam
1777 567 1781 580 ¹

71 577 107 670 in
121 595 269 677 corpore
284 575 384 654 solari
405 597 575 692 reponat,
605 576 708 680 quod
723 575 844 654 omnis
857 577 986 655 caloris
1007 576 1185 656 innatum
1198 579 1335 659 caulam
1350 577 1553 681 principem
1577 573 1646 653 elle
1661 577 1715 658 vi-

73 675 203 768 demus,
218 679 319 755 unde
332 677 524 782 perrierpet
536 678 665 780 globus
678 679 738 756 ille
750 699 933 772 terremus,
947 703 991 757 ac
1005 679 1130 782 reliqui
1139 680 1301 758 l’lsnetae.
1352 679 1423 760 Sed
1440 681 1488 758 de
1502 679 1605 781 igne,
1626 701 1714 776 oum

70 776 244 879 semperin
265 780 409 858 materia
424 779 483 872 lit,
497 779 725 858 determinari
746 778 832 858 nihil
875 781 990 874 otest,
1012 802 1135 860 utrum
1153 781 1262 864 denar
1281 779 1399 883 aliqua
1418 779 1720 888 substentiapure
1760 861 1761 866 t
1852 787 1853 794 ‘

69 875 210 980 implear,
225 903 333 982 quam
349 879 442 1059 ignis
456 880 607 958 nomine
624 897 755 958 vocure
768 905 821 996 po
848 888 973 974 umus·
1012 883 1213 985 Nunquam
1226 889 1328 961 enlm
1337 882 1475 985 absque
1488 885 1634 996 materia
1647 883 1713 976 eli,
1816 927 1820 932 =

91 1003 162 1056 uam
178 1003 323 1073 movet,
401 981 502 1075 sunt,
526 988 591 1084 qul
606 981 644 1058 in
665 981 743 1084 ipso
766 981 839 1060 lule
855 982 1038 1061 materiam
1059 984 1213 1086 aliquam
1232 983 1427 1086 liquelaelo
1452 1007 1542 1062 auro
1562 979 1710 1066 ramalem
1739 1035 1745 1068 t

65 1003 265 1184 bppaaant.
309 1083 432 1186 Qaare
446 1093 495 1171 ne
510 1081 658 1184 quidem
672 1091 769 1161 inter
783 1081 988 1162 substantias
999 1083 1044 1162 eli
1071 1091 1111 1164 ui
1124 1107 1326 1180 numerant,
1341 1083 1403 1164 sed
1417 1106 1540 1164 monas
1555 1083 1722 1182 aliquam,

67 1179 206 1283 speciem
219 1181 376 1274 faciunt,
393 1209 414 1261 a
432 1181 565 1286 quibus
579 1207 701 1262 tumen
720 1207 792 1286 ego
812 1183 979 1264 dillidere
998 1110 1103 1264 raab.
1154 1185 1301 1264 Nullam
1323 1211 1394 1288 ego
1415 1185 1553 1267 cauum
1575 1182 1709 1300 vifleo,

66 1307 161 1384 quare
174 1284 217 1360 ab
233 1285 390 1388 antiquis
403 1285 665 1365 discedendum
679 1283 731 1364 lar.
761 1287 856 1364 Num
871 1285 1216 1367 lieetdernonstrare
1231 1310 1310 1368 non
1323 1285 1452 1392 passam
1466 1309 1597 1392 purum
1612 1289 1709 1386 agnis

66 1384 200 1488 corpur,
215 1369 306 1487 quid
319 1409 397 1466 tum
496 1393 559 1466 ea?
579 1386 702 1465 Potest
714 1385 775 1486 lux
788 1387 883 1489 lgnis
898 1386 967 1466 elie
983 1388 1177 1490 depuratus
1190 1413 1273 1468 raon
1285 1413 1409 1481 urens,
1417 1415 1451 1468 e.
1467 1414 1498 1491 g.
1514 1384 1635 1466 rudius
1650 1383 1705 1474 so·

27 1557 31 1562 .
65 1485 151 1585 latit,
165 1487 227 1590 qui
248 1507 390 1576 mmen,
425 1511 522 1592 aper
541 1485 775 1594 rebelliones
791 1488 1068 1591 multiplicetur,
1086 1489 1126 1566 in
1140 1491 1263 1594 ignem
1275 1493 1352 1574 abtt
1362 1489 1404 1582 ,δι
1416 1487 1632 1570 comburere
1646 1486 1710 1566 in·'

63 1587 157 1692 ciple}
206 1595 397 1669 nonenim
416 1590 600 1670 comburit
619 1590 714 1692 ignis
728 1591 871 1692 purior,
909 1589 971 1668 sed
993 1589 1152 1685 crubor,
1187 1590 1226 1670 u
1247 1614 1326 1673 tum
1341 1591 1523 1671 comburit
1544 1587 1705 1694 proprie,

62 1690 310 1897 lrlllllg
341 1689 1589 1900 rl{lullllllll‘lllllllelssllrrl‘ll‘lulli
1606 1713 1703 1872 lllr

605 1846 619 1881 ³
940 1847 953 1890 2
1325 1857 1338 1898 5
1581 1845 1593 1888 2

62 1891 179 1998 aliquld
192 1895 250 1973 vel
265 1896 374 1990 lucis,
387 1897 444 2004 uel
458 1896 599 1999 pinguis
612 1918 723 1997 utque
740 1894 988 2013 oleosa,'quorl
1003 1897 1124 2001 ignem
1140 1897 1357 2006 inspill'atum
1371 1897 1488 1993 dicas,
1504 1894 1621 2000 quod,
1635 1893 1702 1972 ubl
1743 1893 1746 1908 '
1799 1988 1802 1994 .
1931 1925 1932 1930 ¹

62 2018 259 2075 extenuetur
270 2022 335 2102 per
349 2019 504 2098 motum,
520 1995 719 2101 suatspunte
735 1999 857 2092 lucere
872 2005 1012 2099 ancipit,
1027 2019 1135 2114 atque
1151 2001 1198 2096 ita
1212 2001 1260 2082 de
1272 2000 1454 2108 presentia
1468 1997 1526 2077 sue
1540 1999 1707 2082 testatur,
1736 2061 1741 2070 ,

61 2097 259 2200 Meritoque
279 2099 453 2178 sententia
469 2101 547 2180 hec
562 2099 631 2176 eli:
656 2099 788 2180 nullam
809 2122 880 2178 nos
894 2093 1025 2178 habere
1038 2099 1197 2192 ceulam,
1211 2127 1322 2206 quare
1337 2124 1498 2206 veterem
1519 2097 1612 2176 illam
1627 2096 1699 2174 du-

60 2198 191 2278 llrinum
203 2199 253 2279 de
268 2223 423 2316 opatuor
438 2199 632 2298 Elementis
654 2200 874 2280 immutatam
890 2203 1058 2296 velimus,
1080 2229 1166 2283 curn
1188 2227 1289 2284 certe
1308 2203 1455 2282 meliora
1475 2223 1553 2280 non
1566 2197 1699 2312 pollrnt
1816 2287 1828 2300 Ι

60 2299 222 2404 dare,qui
244 2323 324 2382 eam
338 2303 540 2382 dostrinam
561 2301 782 2408 impugnant.
832 2306 959 2406 Ignem
972 2303 1080 2382 ineffe
1094 2305 1263 2384 omnibus
1278 2304 1513 2412 corporibus,
1532 2325 1578 2378 ex
1591 2321 1698 2414 omns

57 2402 226 2482 miliorum
240 2427 438 2506 corpomm
451 2427 586 2505 genere
601 2404 778 2498 videmus,
792 2427 998 2508 quanquam
1012 2403 1088 2485 aliis
1099 2405 1310 2510 ,magle-eliis
1325 2405 1457 2488 minus.
1505 2407 1548 2482 ln
1561 2423 1697 2478 aname-

59 2503 136 2584 libus
147 2505 268 2608 ignem
282 2506 371 2601 elie,
392 2531 504 2584 nemo
517 2503 678 2606 negabit,
700 2505 765 2608 qui
780 2505 934 2585 calidum
949 2505 1018 2585 elle
1032 2506 1091 2587 san
1142 2499 1239 2588 inem
1254 2509 1369 2586 norit.
1421 2501 1696 2607 Exvegetabili·
1743 2601 1752 2609 .

58 2604 113 2683 bus
124 2605 307 2712 precipuis
323 2607 462 2712 spiritus
476 2607 534 2690 uel
550 2607 628 2685 olea
643 2607 798 2709 produci
810 2607 982 2710 potsunt,
995 2635 1076 2712 que
1098 2705 1104 2713 ,
1136 2627 1268 2692 mrnun
1283 2609 1520 2712 concipiunt,
1538 2604 1602 2684 ubl
1615 2603 1694 2707 igni
1723 2634 1727 2642 ·
1864 2619 1875 2636 “

56 2706 238 2787 admoveas.
299 2710 467 2790 Similiter
489 2708 689 2788 &metallis
710 2707 768 2788 sua
783 2707 863 2786 sunt
884 2709 1057 2826 sulplpure.
1130 2709 1267 2800 Aerem
1281 2711 1389 2814 aliqui
1405 2707 1631 2794 excluserunt
1646 2729 1695 2786 ex

55 2809 308 2890 Elementorum
323 2835 491 2906 numero,
504 2809 607 2916 quod
622 2833 700 2889 non
715 2830 818 2913 eputs
832 2809 873 2889 sat
884 2807 1062 2906 'nustaoni
1078 2811 1161 2914 quia
1175 2837 1288 2916 puros
1302 2812 1478 2915 pervadit,
1493 2808 1529 2888 ἃ
1545 2805 1702 2910 corpori¹
1785 2859 1790 2864 -
1931 2793 1932 2818 ¹

54 2925 175 2994 tanmm
191 2911 308 3007 adest,
328 2937 407 2992 non
428 2912 529 2992 inest.
580 2911 675 3014 Quae
693 2933 816 2990 tamen
829 2908 909 2988 fusa
922 2911 1014 2994 lant
1066 2911 1181 2994 Mult'a
1201 2912 1299 2990 enirn
1318 2913 1398 2994 suut
1418 2935 1594 3016 corpore,
1611 2927 1695 3012 que

57 3013 115 3090 ae'ri
128 3037 200 3092 non
215 3033 452 3116 petent,cum
466 3017 709 3120 pertranseunt
722 3012 831 3090 etiem
846 3012 1006 3116 liquores
1019 3019 1121 3092 cern.
1148 3087 1150 3093 ,
1172 3017 1263 3096 Sunt
1276 3013 1315 3092 in
1330 3012 1542 3116 quibusdem
1555 3035 1691 3116 corpo·

54 3114 135 3194 n'bus
147 3114 287 3220 spiritus
302 3117 481 3210 volatiles,
501 3115 563 3220 qui
577 3138 698 3195 temen
713 3115 753 3192 in
766 3115 982 3219 corporibus
996 3135 1193 3204 tenentur,
1214 3113 1251 3194 St
1272 3121 1383 3193 aereae
1402 3103 1509 3218 plane
1522 3110 1605 3208 sunt
1623 3135 1688 3187 na·

54 3235 133 3294 rute.
184 3217 390 3298 rernm&
411 3242 539 3322 squam
552 3239 644 3322 putu
654 3241 786 3322 omnes
803 3217 843 3294 in
858 3215 1075 3321 corporibus
1085 3216 1289 3320 agnoscere.
1308 3243 1312 3252 ·
1341 3215 1418 3333 Q
1432 3215 1496 3294 nie
1510 3209 1689 3390 principia

54 3317 199 3418 chymica
211 3321 381 3426 propiora
395 3321 571 3411 statuunt,
586 3319 634 3396 illi
676 3344 774 3397 arum
789 3315 963 3398 differunt
976 3317 1160 3400 sententia.
1192 3321 1310 3398 *Nam
1324 3315 1366 3396 in
1381 3317 1457 3396 rstls
1470 3314 1634 3394 eademE
1646 3336 1686 3428 e·

55 3442 157 3499 menta
171 3421 423 3522 dominantur,
444 3422 537 3526 ignis
553 3421 623 3499 scal.
640 3344 748 3536 (beer
762 3419 801 3498 in
813 3417 934 3523 spiritu
952 3417 989 3498 8(
1004 3419 1106 3500 oleo:
1132 3447 1222 3525 aque
1235 3420 1281 3537 'in
1294 3418 1518 3536 phlegmate,
1533 3435 1630 3532 ‘terra
1645 3437 1684 3491 rn

53 3517 123 3614 lue,
149 3547 355 3626 quanquam
375 3524 559 3604 videamus
573 3521 635 3600 hic
655 3521 769 3626 elaque
783 3545 939 3625 corpora
959 3523 1131 3626 propiora
1151 3523 1323 3602 militant.
1396 3521 1468 3600 Sed
1481 3544 1543 3621 qur
1569 3542 1615 3604 ex
1636 3519 1684 3594 ils

52 3621 216 3727 principiis
230 3627 311 3728 plus
326 3625 683 3706 sedunonlbunrros
696 3622 851 3702 credunt
862 3623 914 3701 tle
925 3624 1198 3726 operationlbus
1210 3638 1354 3716 nenne,
1368 3645 1518 3724 quesne⁴
1526 3635 1685 3723 quatuor

50 3723 236 3826 ilementis,
252 3726 430 3808 fullunurr.
476 3727 516 3806 ‘si
531 3729 611 3831 quis
625 3726 724 3806 enirn
740 3743 887 3827 querat,
902 3721 1003 3806 unde
1015 3731 1129 3806 uitem
1140 3727 1328 3828 magnetis,
1340 3747 1421 3826 que
1431 3723 1467 3804 se
1480 3721 1526 3800 ad
1541 3722 1575 3800 se
1602 3741 1692 3800 ten··

50 3825 187 3906 trionem
201 3829 406 3925 convertit,
426 3830 525 3910 unde
539 3837 613 3908 vlra
627 3827 665 3906 in
681 3827 830 3932 plantis,
851 3825 970 3904 sensus
982 3825 1022 3904 in
1035 3826 1265 3920 animalibus?
1298 3825 1435 3906 nullum
1455 3821 1545 3907 mibi
1558 3746 1683 3925 abque

49 3927 185 4030 caulam,
208 3931 267 4008 vel
283 3929 703 4033 e,quatuorElementis,
724 3930 783 4007 vel
797 3951 820 4006 e
834 3927 947 4008 tribus
961 3928 1149 4032 principiis
1164 3931 1364 4032 chyrnlcls,
1383 3927 1493 4006 dabre
1541 3925 1680 4039 Neque

49 4024 131 4107 enim
144 4032 462 4112 omnium'naturae
475 4031 730 4137 operationum
745 4029 857 4110 causae
869 4053 892 4107 e
906 4025 1026 4125 causas,
1040 4051 1194 4140 corpora
1207 4028 1526 4123 continentibus,
1543 4024 1681 4106 ¹deducu

48 4126 479 4238 ienperpolilrntffllquu
494 4141 593 4216 enirn
606 4131 932 4214 exutsmteniunt.
979 4237 982 4244 1

138 4335 248 4414 Sexto
264 4333 465 4423 demum&
479 4335 670 4415 ulrlmoco
713 4359 776 4413 ora
788 4333 861 4440 ipsa
876 4333 979 4412 milla
990 4327 1058 4437 per
1069 4327 1346 4450 experientiam,
1366 4327 1565 4414 secundum
1577 4341 1679 4410 natu
1717 4357 1745 4422 ⁶

48 4451 83 4506 re
92 4437 304 4518 methodum
318 4437 595 4530 instituendam,
609 4359 819 4516 resbfvenda
835 4439 925 4528 lunt,
939 4458 1049 4539 atque
1060 4433 1147 4552 quid
1163 4431 1410 4538 fingaris-insa,
1424 4430 1680 4548 independum,

47 4536 166 4630 quodlr
183 4537 387 4632 fecerimus,
399 4539 637 4634 inveniemus,
648 4539 842 4643 primordia
858 4559 1056 4640 corpontm
1071 4533 1259 4616 mrstorum
1273 4561 1353 4645 non
1367 4533 1436 4614 elie
1448 4533 1600 4652 qudem
1613 4555 1697 4610 nu·

48 4657 132 4718 uero
144 4637 303 4734 nfinita,
324 4639 387 4724 led
409 4635 521 4746 louge
535 4641 658 4746 plius,
679 4661 1046 4846 quemnurplerlpntm.
1075 4642 1231 4742 ‚Neque
1246 4639 1366 4730 enim,
1384 4635 1540 4744 luraque
1554 4657 1576 4714 e
1590 4657 1680 4734 que·
1715 4735 1720 4748 .
