3964 5218
550 304 556 313 ·
676 298 1220 410 cmxxtuanrm·
1278 302 1300 382 .’
1367 297 1403 336 ²
1674 267 1755 416 ,aaa
1879 315 1882 320 ’

122 473 297 552 ollamus:
319 471 447 554 'Alius
465 479 603 554 tenbln
619 475 818 652 appella‘ret
838 476 1096 558 elementarem
1115 475 1230 572 illam;
1253 473 1333 554 dari
1357 480 1462 562 enim
1473 497 1567 555 terra
1582 479 1751 580 puiade-
1867 481 1870 492 “

117 600 173 674 et,
193 579 276 674 quia
292 574 397 652 datur
411 577 564 680 impura.
608 607 615 624 ·
660 579 675 652 i
693 576 843 680 cespites
861 576 1101 656 bituminosos
1115 579 1198 676 quis
1212 577 1455 678 combusserit,
1479 580 1617 659 cineres
1637 591 1749 662 rems·
1783 575 1802 659 ,Ν

77 700 193 775 nent,
216 681 519 754 anteatetraerat'
532 681 694 781 impura,
720 677 903 780 particulis
918 678 1119 782 sulphureis
1136 679 1260 780 plena3
1283 678 1365 778 illae,
1392 679 1456 758 ubi
1498 681 1748 786 erign'cmde·

77 774 301 880 flagrarunt,
325 775 428 875 illud,
477 778 554 856 uod
573 779 716 855 aridum
740 777 807 879 est,
831 802 1011 880 remanet,
1042 781 1130 884 igne
1151 777 1399 884 insuperabile.
1513 804 1630 858 erram
1649 785 1747 864 euim

70 903 220 978 ,putam
236 903 313 955 uon
328 871 397 954 esse
410 804 708 958 inflammabilem
729 882 860 958 vblunt
876 879 1040 982 Phyfici,
1072 905 1150 956 non
1170 877 1238 956 else
1253 879 1516 982 exhalabilem,
1552 908 1628 958 non
1674 881 1746 990 ossp

76 981 314 1080 comprimi,
333 1001 412 1055 non
437 977 538 1081 posse
555 981 702 1082 liquari,
752 981 868 1079 qualia
893 983 1017 1058 omnia
1037 979 1109 1058 dici
1135 977 1284 1084 possunt
1305 979 1354 1056 de
1378 983 1561 1060 cineribus
1584 1007 1624 1058 re
1640 977 1743 1064 aduis.

74 1075 201 1154 Certe
218 1103 325 1156 terrae
343 1103 448 1181 purte
461 1079 689 1160 elementaris
708 1082 828 1178 ideam
848 1079 1009 1158 nonalia
1026 1083 1181 1160 notione
1198 1105 1312 1158 conce
1342 1103 1411 1160 erc.
1482 1083 1554 1161 Sed
1569 1084 1626 1159 illa
1640 1081 1743 1162 xnunc

44 1178 183 1282 ⁴rnilsa
202 1178 384 1256 faciamus.
487 1177 545 1257 Dc
564 1184 724 1283 reliquis,
770 1207 853 1281 qurc
871 1181 918 1258 ad
941 1205 1091 1281 terrain,
1114 1202 1293 1282 quatenus
1306 1107 1541 1262 lllementum
1559 1181 1628 1284 est,
1666 1175 1762 1286 spe'

73 1276 204 1378 siant,
243 1277 412 1358 videatur
434 1281 655 1361 Honoratus
678 1282 807 1383 Fabri,
863 1289 949 1358 Tum.
966 1311 992 1358 a„
1016 1289 1071 1358 Tr.
1086 1307 1120 1370 5.
1143 1281 1194 1358 lib.
1208 1309 1235 1357 ι.
1260 1282 1324 1360 ubi
1346 1283 1394 1360 de
1413 1276 1740 1387 punsii'sminimis

74 1399 209 1478 terrae,
227 1377 376 1480 aliisque
392 1385 692 1484 proprietatibus,
715 1387 859 1488 prolixe
875 1385 960 1488 agit.
1386 1449 1389 1462 .
1483 1409 1485 1412 ·
1545 1439 1547 1446 1
1747 1432 1753 1442 ·

161 1481 261 1586 ‘Ql
275 1503 408 1558 tetram
429 1507 475 1558 ex
489 1483 769 1562 Elementorum
786 1485 918 1562 ordine
933 1484 1136 1585 eliminant,
1175 1483 1279 1584 quod
1296 1487 1321 1562 ii
1334 1484 1488 1585 faciunt,
1528 1487 1593 1587 qui
1607 1507 1736 1584 aquam
1777 1504 1800 1567 2

71 1583 252 1658 omniunt
278 1606 404 1658 rerum
422 1585 654 1708 principium
668 1609 832 1688 ponunt,
865 1607 908 1663 ut
930 1587 1026 1662 inter
1052 1608 1195 1664 veteres
1215 1587 1370 1686 Thales,
1403 1588 1501 1666 iuter
1516 1590 1737 1664 recentiores
1773 1593 1776 1599 ’

70 1679 319 1798 Helmontius
338 1683 379 1771 dt
401 1686 479 1784 alii,
499 1687 692 1789 ·ii.inepto
714 1708 934 1792 argumento
955 1707 1126 1764 utuntur:
1152 1709 1281 1790 putant
1299 1689 1420 1788 enim,
1450 1690 1626 1786 quoniam
1643 1708 1737 1764 terta
1862 1700 1864 1709 '

74 1779 116 1856 ἃ
140 1805 283 1858 emeres
299 1786 337 1860 in
356 1809 489 1884 aquam
512 1785 660 1863 tandem
682 1787 829 1888 abeant,
870 1809 1005 1864 terrem
1051 1811 1094 1864 ro
1110 1787 1305 1868 Elemeuto
1329 1813 1407 1864 non
1428 1788 1631 1864 habendam
1655 1785 1735 1892 esse,

73 1878 136 1958 sed
156 1885 282 1982 potius
301 1908 456 1983 aquam:
476 1886 537 1962 vln
557 1911 635 1986 quo
652 1910 774 1965 tamen
787 1914 853 1967 eos
871 1889 946 1966 falli
960 1814 1139 1966 exillum.
1196 1887 1308 1970 xalta
1332 1889 1432 1963 enim
1457 1886 1661 1990 hypothcsr
1682 1889 1735 1963 ni·

74 2003 224 2082 tutatur,
261 1983 360 2083 quast
380 1987 518 2064 cineres
542 1987 580 2064 dc
601 2009 695 2065 terra
721 1991 862 2089 quaevis
874 1991 917 2064 'in
937 2013 1045 2086 aquas
1061 1989 1195 2065 ‘abeant
1209 1991 1295 2065 reali
1308 1992 1584 2076 immutatione;
1623 2009 1733 2085 quan·

73 2107 189 2180 quam
206 2087 304 2160 enim
325 2085 484 2190 dispergi
501 2087 637 2188 possint
656 2091 805 2166 minima
827 2115 959 2166 eorum
979 2113 1047 2190 per
1060 2087 1285 2166 substantiam
1308 2113 1431 2186 aquae,
1473 2109 1595 2162 tamen
1608 2087 1735 2162 dicen·
1856 2173 1859 2180 Ἴ

70 2181 166 2258 dum
187 2184 354 2284 nonest,
380 2189 512 2264 mutari
530 2191 718 2291 particulas
732 2189 806 2266 illas
825 2193 862 2264 in
882 2215 1022 2288 aquarn.
1074 2189 1167 2291 Qto
1183 2191 1300 2292 magis
1316 2191 1451 2263 mitum
1470 2187 1561 2268 mihi
1575 2187 1734 2284 videtur,

71 2281 177 2384 polle
194 2285 274 2361 dari
292 2285 517 2367 menstruum
535 2287 688 2388 aliquod
700 2289 915 2386 universale,
938 2287 1043 2387 quod
1056 2292 1180 2364 omnia
1197 2291 1235 2363 in
1256 2312 1387 2386 aquam
1405 2283 1596 2387 insipidam
1606 2307 1731 2362 uertat

6 2479 7 2484 Ἰ
71 2383 261 2484 &solvat,
282 2413 367 2464 cum
386 2411 523 2466 aarum
547 2387 613 2492 ipli
629 2412 832 2494 repugnet,
867 2391 939 2472 tale
959 2388 1048 2488 quid
1068 2388 1158 2463 dari.
1229 2386 1384 2466 Intanta
1403 2390 1501 2466 euim
1525 2383 1730 2464 diversatate

71 2483 259 2562 struslurar
274 2490 431 2589 partium
446 2493 483 2567 in
501 2491 721 2591 corporibus
737 2487 956 2567 naturalibus
980 2489 1102 2590 (aliter
1118 2487 1216 2564 enirn
1238 2485 1470 2592 vegetabilia,
1495 2487 1596 2562 aliter
1618 2489 1733 2562 mine·

70 2588 173 2686 ralia,
203 2588 494 2690 aliteranimalia,
522 2590 559 2666 ὅ(
576 2591 635 2666 hic
650 2593 783 2670 iterum
803 2592 878 2668 aliae
893 2587 1027 2690 species
1049 2590 1152 2664 aliter
1177 2609 1358 2666 texturam
1371 2587 1468 2674 suam
1481 2587 1727 2689 sortiuntur),

69 2711 187 2764 unum
201 2687 278 2764 dari
294 2685 395 2791 polle
417 2690 628 2790 liquorem,
662 2689 835 2767 omnibus
859 2689 1079 2790 corporibus
1104 2688 1289 2764 solvendis
1303 2711 1449 2790 aptum,
1485 2711 1543 2766 res
1561 2688 1730 2765 monstro

70 2786 192 2866 similis
214 2789 384 2892 videtur,
424 2789 489 2865 nifi
512 2788 610 2866 sorte
632 2788 752 2864 dicere
771 2792 938 2889 velimus,
965 2787 1033 2865 esse
1048 2787 1198 2887 aliquod
1215 2785 1313 2885 quast
1356 2790 1455 2865 luten
1467 2789 1665 2866 universale
1686 2793 1724 2867 in

70 2891 238 2966 omnium
253 2910 456 3006 corporum
474 2887 669 2994 particulis,
689 2885 793 2988 quod
810 2885 963 2990 liquoris
980 2887 1087 2990 hujus
1104 2883 1283 2964 affusrone
1302 2813 1481 2989 soqvatur,
1506 2887 1654 2968 residuis
1672 2913 1728 2966 ce-

69 2993 151 3067 teris
169 2991 416 3094 portionibus.
484 2990 556 3067 Sed
570 2987 682 3064 iidem
698 2989 808 3092 ajunt,
831 2985 1072 3080 omnia‘abire'
1096 2989 1308 3088 inaquam,
1335 2985 1439 3086 quod
1456 2989 1574 3092 magis
1591 2991 1727 3066 mirum

71 3091 240 3194 videtur,
265 3091 303 3168 dr
322 3087 387 3168 libi
408 3087 474 3194 ipsa
489 3091 756 3168 contradantur
777 3091 885 3192 hujus
906 3088 1062 3188 liquoris
1075 3087 1233 3164 Patroni.
1296 3087 1535 3165 Helmontius
1549 3091 1645 3164 enim
1668 3086 1726 3164 ali·

71 3191 149 3268 cubi
168 3191 258 3268 nihil
274 3214 462 3270 remanere
477 3189 575 3291 dicit,
592 3191 721 3275 alicubi
734 3187 841 3268 sreces
855 3192 989 3288 aliquas
1004 3211 1190 3266 remanere
1211 3189 1269 3265 ait.
1317 3187 1388 3267 Sed
1396 3191 1444 3274 ,iis
1462 3186 1608 3265 tandem
1625 3186 1720 3267 faeci·

71 3290 134 3370 bus
161 3291 252 3392 quid
280 3288 387 3368 fiet?
457 3292 498 3368 Ε.
520 3293 589 3368 illae
637 3292 770 3367 enerali
802 3293 910 3390 hujus
947 3290 1101 3388 liquoris
1137 3291 1295 3392 imperio
1325 3313 1402 3366 non
1423 3287 1721 3366 continebuntur.

69 3391 151 3497 Ego
174 3413 277 3470 mera
291 3395 371 3469 hoec
385 3317 739 3497 sophismataltabeo
785 3391 843 3466 vcl
858 3389 915 3466 ad'
929 3387 1179 3467 ostentandam
1192 3385 1416 3488 dositintm,
1466 3390 1526 3465 vel
1547 3387 1593 3464 ad
1614 3385 1721 3490 suspi-
1754 3393 1757 3398 ’

71 3497 214 3570 cionem
227 3492 460 3572 secretorum
479 3491 719 3570 artificiorum
743 3452 964 3590 lovendam,
988 3493 1145 3567 inventa.
1222 3492 1427 3591 Nunquam
1449 3491 1548 3589 enim
1570 3491 1630 3566 ve'l
1646 3489 1720 3566 san-
1749 3533 1750 3538 Ν

71 3593 114 3670 do
131 3597 360 3700 accepimus,
411 3597 569 3697 aliquem
592 3595 707 3672 oculis
732 3590 801 3670 suis
825 3588 950 3668 vidisse
971 3594 1277 3696 experimentum,
1314 3589 1419 3692 quod
1444 3610 1566 3666 tamen
1580 3589 1626 3667 de
1646 3591 1720 3668 tliis
1777 3631 1781 3643 ·

72 3695 407 3801 dicere'poffumas.
803 3689 810 3700 ’
1072 3741 1076 3751 ·
1320 3713 1323 3726 ·
1694 3712 1705 3748 l
1771 3761 1777 3770 .

82 3831 86 3842 ·
166 3799 488 3897 Terra,‘quatenus
506 3795 661 3902 globum
688 3819 771 3872 cum
789 3819 881 3895 aqua
899 3793 1019 3894 efficit,
1045 3794 1313 3872 Mathematicoe
1337 3785 1636 3870 considerationis
1654 3787 1727 3892 clip
1748 3787 1779 3887 ‘3

72 3899 192 3976 &tum
211 3897 421 3977 affedioncs
438 3897 816 3994 eiusaM‘athematicis
823 3899 1068 3994 excutiuntur,
1092 3896 1224 3995 quibus
1238 3919 1308 3971 nos
1321 3916 1399 3969 non
1415 3892 1715 3970 immorabimurr

71 3997 142 4076 sunt
155 4002 256 4076 enim
271 4019 372 4076 extra
389 3999 590 4078 institutum
604 3997 781 4097 nostrum,
805 4021 1011 4096 quanquam
1026 3997 1248 4097 aliquatenus
1263 4017 1315 4070 cae
1330 3997 1437 4086 etiam
1453 3997 1658 4098 pertineant
1668 3991 1716 4069 ad

64 4097 254 4202 ,Phyficam
266 4099 600 4190 considerationem.
651 4095 1167 4199 DisquiripotesideTelluris
1206 4115 1299 4172 'aura
1313 4093 1586 4199 inuniversurn,
1610 4092 1718 4170 delo·
1842 4187 1847 4194 .

72 4222 110 4276 cu
121 4201 259 4279 telluris
275 4198 669 4305 inmundlsyllbmase,
684 4199 732 4274 de
747 4195 1023 4276 dimensione&
1034 4201 1202 4302 magnitu
1230 4201 1289 4272 lne
1301 4193 1448 4296 telluris,
1472 4193 1716 4273 defrustratur

72 4299 137 4398 ejus
153 4303 195 4380 dt
208 4295 479 4401 constitutione,
491 4302 538 4378 de
553 4305 658 4378 aloru
672 4299 822 4397 telluris,
844 4299 891 4374 de
908 4302 1040 4398 quibus
1054 4297 1202 4402 singulis
1219 4295 1481 4402 maguostadio
1490 4298 1567 4403 egit
1578 4293 1717 4373 Bernlr

73 4395 768 4504 Varenius,quiMathematicisPhysrca
777 4400 909 4477 miscet.
960 4395 1717 4506 QuodTertaemotumspesiat,ismagno

74 4525 194 4592 conatu
210 4506 303 4579 olim
317 4501 483 4580 defensus
498 4499 566 4603 est,
593 4503 631 4581 dt
644 4504 770 4581 Nicol.
786 4499 1001 4603 Copernico
1020 4499 1209 4599 redusius,
1227 4529 1230 4536 ·
1271 4495 1438 4599 oslquarr't
1454 4522 1521 4602 per
1533 4521 1591 4576 rot
1604 4493 1718 4572 seculo

73 4599 419 4707 senteutisillaquali
432 4603 719 4686 obdormiverat.
766 4601 829 4681 Est
847 4601 1047 4808 tqrxnenplla
1065 4599 1234 4682 verosmt'
1263 4603 1357 4704 into,
1382 4601 1498 4701 iisque
1517 4596 1719 4780 mionlbm

289 4761 296 4768 -
844 4710 862 4803 s
912 4727 960 4788 cu
1015 4731 1035 4810 3
1679 4723 1724 4778 ss·
1819 4787 1821 4794 s
