3876 5234
285 161 289 174 ,
356 125 375 170 Χ
521 125 526 132 ’
634 139 637 151 ·
1313 170 1316 182 .
1672 175 1675 182 ,

161 333 165 340 ,
240 288 327 396 ,04
483 265 513 276 ··
573 256 626 368 j
766 246 1212 360 staturianum.
1228 256 1276 342 ii.
1298 252 1455 342 rain.
1678 203 1685 218 ’
1810 249 1813 256 ’

253 463 331 524 tem
344 436 404 520 vel
418 435 644 526 infinitatem.
693 432 905 513 Verosrmile
922 434 1020 514 enim
1041 434 1112 528 est,
1127 433 1254 514 multas
1275 457 1491 537 corporum,
1505 457 1526 512 a
1540 430 1649 512 nobis
1668 454 1872 531 temutonrn,
1921 467 1923 480 <

256 544 325 624 ene
338 547 583 646 operationes,
598 559 749 640 quarum
763 533 931 614 essedum
948 535 1131 616 interdum
1151 535 1389 638 percipimus,
1414 535 1532 614 musas
1546 560 1635 614 vero
1648 535 1874 640 indagarenoii

257 645 451 754 possumus.
499 639 646 720 Possunt
660 661 809 738 qnoque
823 636 862 716 in
878 635 989 716 maffis
1005 663 1213 742 corporum,
1227 661 1407 739 quatenus
1428 637 1499 720 scil.
1520 637 1630 717 massa
1643 636 1805 737 sunt„else
1826 667 1874 742 pe·
1905 699 1907 704 .

151 781 155 800 ¹
243 747 401 848 ,culiaria
415 743 586 846 quedam,
601 763 682 842 que
694 738 892 840 intelligere
914 765 982 818 nos
1002 766 1079 819 noii
1100 738 1299 843 possumus,
1312 739 1422 842 qualis
1436 739 1475 819 iti
1497 737 1651 821 maricii
1669 739 1876 820 fluxusdiie·

253 852 387 940 'lliixus
402 845 438 924 &
453 844 562 922 multa
579 843 654 935 alia,
667 839 833 941 quaejure
847 839 992 941 poliunt
1006 841 1101 938 inter
1119 840 1303 942 qualitates
1329 842 1488 920 occultas
1508 837 1641 919 referti.
1713 844 1874 946 Quantum

42 1042 48 1049 ,
134 1027 140 1036 ,
258 951 381 1051 itaque
394 947 460 1044 est,
475 945 577 1047 quod
593 943 720 1020 scimus
735 942 783 1058 de
796 940 915 1038 rebus,
930 940 1169 1052 iusuperiicie
1180 942 1217 1022 di
1235 942 1375 1022 cortice
1387 967 1507 1024 retum
1520 941 1876 1046 iammuannequi·
1924 961 1925 1050 q

173 1119 182 1144 ,
258 1052 586 1142 demliunctotum
599 1043 855 1148 pernoscimus
1609 1051 1616 1104 1
1916 1089 1921 1101 .

196 1265 221 1322 ⁸
324 1259 605 1348 ¹Producamus
622 1274 744 1336 umen
758 1253 820 1332 liic
834 1249 969 1352 aliquas
983 1249 1192 1353 qualitatum
1212 1229 1547 1356 occultorumque
1569 1250 1676 1355 vulgo
1690 1276 1737 1355 oo
1756 1235 1880 1328 nomine
1925 1229 1926 1309 l

39 1401 43 1408 ¹
88 1461 92 1471 ¹
228 1405 231 1418 ·
260 1364 463 1454 salutantur,
476 1360 513 1438 di
528 1358 782 1449 monstremus,
795 1379 855 1434 eas
872 1353 927 1432 vel
943 1377 1021 1434 non
1035 1353 1105 1436 else
1124 1353 1305 1446 occultas,
1321 1379 1363 1434 ac
1377 1355 1421 1436 ad
1443 1355 1643 1440 manifestas
1662 1353 1758 1458 polle
1769 1349 1882 1442 reduci,

29 1559 33 1568 ,
186 1556 189 1562 1
260 1464 319 1547 vel
333 1463 402 1542 else
417 1457 668 1564 superstitiosas
682 1455 719 1538 ἃ
734 1454 844 1542 sasas,
860 1455 917 1530 vel
930 1454 999 1534 else
1009 1454 1182 1536 occultas.
1233 1459 1440 1562 Qomodo
1455 1456 1631 1537 subdividi
1646 1453 1820 1558 qualitates
1832 1475 1880 1528 oc·

260 1567 365 1652 cultae
380 1563 546 1662 debeant,
561 1561 673 1662 aliqui
687 1561 769 1638 sunt
782 1555 938 1654 solliciti,
951 1557 1118 1659 interque
1132 1581 1197 1635 eos
1220 1563 1285 1638 Ari.
1302 1565 1451 1662 Kyperui.
1502 1559 1574 1640 Sed
1589 1583 1670 1659 quae
1685 1549 1882 1660 poliunteffe

261 1665 475 1776 speciestei,
490 1689 570 1765 quae
585 1660 700 1779 perse
719 1658 861 1738 occulta
886 1655 959 1772 esi?
985 1657 1046 1736 ille
1068 1677 1189 1737 rameii
1210 1657 1342 1738 dividit
1362 1685 1381 1738 a
1403 1658 1563 1755 subieslis
1584 1659 1787 1760 qualitatum
1817 1677 1883 1754 pto·
1927 1720 1928 1764 ,

261 1771 359 1880 priis,
374 1769 512 1847 utalias
527 1763 634 1842 faciat
647 1760 880 1850 mineralium,
893 1757 974 1836 alias
989 1760 1199 1860 plantarum,
1212 1761 1292 1840 alias
1314 1760 1536 1856 animalium,
1558 1785 1638 1866 quae
1658 1757 1770 1838 rursus
1791 1755 1885 1834 subdi·
1927 1767 1928 1826 l

261 1873 454 1952 viduntur;
470 1865 531 1944 sed
546 1872 697 1966 itapene
711 1884 827 1939 totaiii
844 1860 1022 1959 physicam
1038 1859 1083 1937 ad
1096 1865 1308 1964 qualitatum
1329 1863 1551 1942 occultarum
1566 1865 1712 1942 titulum
1731 1855 1885 1940 revocabi-

259 1997 352 2054 mus,
404 1969 518 2048 Aliter
531 1965 662 2044 dividit
675 1989 721 2042 ex
743 1959 946 2058 Adjundlis,
961 1962 1061 2038 unde
1075 1961 1162 2040 facit
1175 1963 1255 2042 alias
1272 1962 1533 2065 Sympatliicas,
1547 1963 1628 2042 alias
1647 1960 1885 2066 Antipathicas,

227 2073 394 2156 ‘illasob
409 2068 704 2148 convenientiam
720 2063 757 2141 ἃ
773 2063 1049 2162 similitudinem,
1067 2072 1244 2144 unionem
1288 2067 1476 2166 testantes,
1490 2066 1553 2144 has
1567 2066 1618 2142 ob
1634 2060 1886 2144 disconvenien·

259 2179 346 2258 tiam
361 2173 399 2250 di
414 2171 713 2268 contrarietatem,
728 2191 746 2242 a
761 2163 795 2242 se
810 2165 968 2244 invicem
982 2164 1198 2246 secedentes.
1295 2165 1379 2243 dad
1405 2169 1468 2246 iias
1489 2166 1607 2244 classes
1627 2191 1758 2246 ornnes
1789 2185 1887 2242 tamen

262 2276 388 2360 referri
402 2298 481 2353 non
495 2271 652 2375 ponunt.
688 2265 1020 2363 ‘Aliamdivisionis
1042 2268 1218 2346 tationem
1240 2265 1344 2358 sumit
1366 2269 1409 2346 ab
1435 2265 1589 2361 effertis,
1603 2267 1669 2346 ubi
1684 2270 1748 2346 alia
1770 2265 1888 2346 occulta
1928 2257 1929 2264 ‘

192 2443 196 2450 .
262 2379 412 2498 qualitas
426 2375 479 2452 est
495 2371 675 2452 atuadliva
691 2368 787 2467 ferti,
803 2367 867 2446 alia
882 2367 1072 2447 cathartica
1086 2368 1158 2446 live
1174 2393 1328 2472 purgaris
1342 2375 1383 2446 in
1400 2370 1686 2463 medicamentis,
1702 2371 1763 2447 alia
1777 2369 1888 2444 delete
1929 2439 1930 2456 Ν

261 2488 367 2565 riain
381 2481 546 2568 venenis,
560 2474 623 2549 alia
642 2470 737 2547 aliud
755 2469 843 2569 quid
860 2471 1036 2571 praestans.
1050 2471 1184 2574 Qam
1200 2469 1380 2572 divifioiiis
1399 2466 1608 2556 rationeinsi
1626 2476 1891 2574 sequimuriquffl

264 2597 373 2660 erunt
388 2575 574 2678 qualitates
589 2571 752 2661 occulta,
775 2589 954 2646 tuterunt
970 2567 1104 2672 species
1141 2569 1591 2666 ualitatum‘occultarum3
1615 2599 1702 2652 nain
1716 2582 1754 2651 in
1768 2571 1891 2674 qualita-

119 2721 124 2732 ·
262 2682 359 2760 tibus
378 2673 531 2754 occultis
563 2671 673 2764 nihil,
699 2691 825 2772 praeter
850 2666 1039 2764 edesium,
1074 2595 1141 2750 viill
1838 2675 1843 2686 '

262 2779 468 2886 qualitatem
483 2775 663 2854 occultam
678 2770 746 2849 else
760 2771 968 2867 judicamus.
1018 2771 1264 2874 Superstitiosa
1285 2771 1360 2850 haec
1383 2772 1572 2852 &inutilis
1597 2776 1779 2878 diligentia
1793 2778 1848 2866 eii,
1860 2793 1892 2847 ac

197 2941 200 2946 ,
289 2905 388 2960 atum
402 2875 531 2964 refert,
556 2901 630 2980 quo
645 2873 776 2953 ordine
790 2872 845 2951 illa
859 2885 1123 2978 proponantur.
1199 2873 1347 2952 Redlius
1361 2872 1460 2954 forte
1481 2875 1892 2979 quiasacetet,fiadscn·

111 2969 122 3005 ‘
260 2909 318 3065 lus
333 2979 459 3060 nostro
474 2975 693 3056 referrentur
718 2973 905 3077 qualitates
929 2976 1101 3070 occulta,
1115 2973 1160 3054 ad
1184 3001 1279 3078 quos
1299 2996 1421 3055 tamen
1442 3002 1570 3056 omnes
1592 2977 1720 3058 referri
1741 3003 1813 3058 non
1826 2971 1894 3082 pos·

181 3125 185 3137 ·
242 3084 361 3165 .sunt:
385 3081 546 3185 quadam
561 3086 662 3157 enlin
679 3101 832 3177 corpora
857 3099 1000 3154 mutuas
1022 3083 1119 3153 inter
1140 3075 1352 3154 seinvicem
1375 3077 1582 3157 affectiones
1604 3081 1758 3182 habent,
1772 3105 1842 3182 qua
1857 3073 1892 3150 ad

184 3237 186 3244 ,
248 3185 381 3269 sensus
394 3183 539 3261 nostros
554 3205 632 3256 non
649 3170 875 3260 refsruntur,
895 3177 1017 3278 quales
1034 3175 1114 3256 sunt
1127 3202 1159 3253 e.
1178 3178 1359 3280 gtiadiio
1377 3181 1491 3260 ferris
1515 3207 1703 3286 magnete,
1728 3175 1892 3262 conversio

262 3311 348 3370 acus
366 3280 574 3396 magnetica
596 3279 640 3358 ad
651 3277 799 3457 polum.
853 3277 941 3354 Haec
962 3285 1061 3356 enini
1084 3305 1293 3381 quanquam
1308 3282 1382 3359 visu
1404 3281 1664 3386 percipiamus,
1691 3311 1767 3363 non
1793 3301 1893 3362 nmen

262 3391 307 3470 ad
322 3385 598 3501 vispmpioprie
612 3405 650 3458 re
667 3401 831 3478 eruntut,
844 3404 913 3460 ceu
927 3401 1067 3484 partem
1081 3382 1234 3486 aliquam
1250 3381 1318 3461 suae
1340 3382 1572 3488 operationis.
1621 3387 1764 3468 Preliit
1792 3387 1893 3486 itaque

258 3491 332 3569 nne
346 3484 548 3566 discrimine
561 3481 633 3560 illas
646 3505 819 3560 enarrare.

1138 2694 1268 2766 sinus,
1285 2669 1322 2746 di
1338 2695 1383 2748 ex
1402 2672 1494 2765 hoc,
1519 2673 1618 2752 caiisa
1644 2703 1723 2754 non
1747 2697 1891 2775 cogniti,
1930 2725 1931 2760 ,

337 3773 342 3780 ,
362 3686 530 3791 Exempla
539 3685 764 3792 Qalitatuni
779 3684 1026 3780 occultarum,
1039 3689 1096 3765 uti
1118 3685 1214 3780 dixi,
1229 3711 1392 3788 magnam
1407 3711 1545 3792 partem
1560 3669 1718 3769 fabulosa
1733 3686 1820 3784 sunt,
1834 3703 1893 3760 ma·

312 3816 368 3870 am
384 3808 521 3893 panem
536 3785 701 3867 fundatas
715 3795 823 3866 etiam
837 3793 878 3865 iii
897 3811 1019 3866 natura
1033 3795 1190 3866 rationes
1205 3790 1357 3882 habent,
1369 3792 1542 3892 quaedam
1563 3794 1672 3870 etiam
1693 3815 1813 3870 revera
1826 3786 1895 3862 titii·

155 3931 161 3943 ·
275 3919 337 3972 um
351 3893 458 3970 istum
472 3913 668 3968 merentur.
719 3889 857 3968 Eorum
872 3889 1042 3992 Syllogen
1057 3889 1249 3992 aliquando
1265 3891 1410 3994 collegit
1425 3887 1801 3973 inienwasonius'in
1817 3894 1894 3961 tinia

259 4023 298 4072 ne
312 4002 476 4095 Sapientia
488 4000 525 4066 P.
535 3999 577 4067 11.
585 3995 662 4068 Seii.
671 4019 704 4087 3.
722 4014 942 4170 iniquorum
957 3990 1016 4067 vel
1031 3992 1191 4070 rationes
1205 3991 1278 4093 ipse
1298 3991 1369 4084 dat,
1377 4017 1579 4095 quanquam
1588 4018 1665 4073 non
1672 3993 1810 4098 semper
1821 3986 1896 4102 adaj-

260 4117 399 4198 quatis,
412 4090 481 4186 vel,
488 4113 531 4170 ut
545 4091 693 4170 ridicula
708 4089 746 4170 dt

815 4091 847 4171 sa
860 4092 1037 4196 explodit
1087 4092 1159 4174 Sed
1175 4099 1316 4172 runata
1329 4093 1384 4174 illa
1399 4093 1494 4174 milia
1505 4095 1692 4192 faciemus,
1707 4120 1749 4174 ac
1766 4107 1897 4174 nonon-

257 4197 326 4276 bus
340 4215 480 4274 tantuin
492 4191 697 4276 infissemus.

198 4384 218 4457 i
296 4409 298 4416 ’
360 4378 480 4460 Primo
495 4379 580 4459 loco
595 4397 777 4487 ponemus
796 4384 1044 4486 Sympaiheiiias
1063 4379 1101 4459 dt
1120 4385 1373 4484 Antipaibaicai
1391 4381 1635 4488 operationes.
1710 4371 1896 4484 Sympadiia

262 4483 400 4563 &Anti
428 4483 522 4561 athis
535 4481 704 4563 Termini
718 4483 901 4588 generdes
915 4482 1008 4581 sunt,
1023 4479 1061 4560 dt
1074 4481 1165 4561 nihil
1179 4483 1284 4578 aliud,
1304 4509 1412 4586 quain
1420 4483 1634 4579 Terminl,li
1650 4473 1897 4562 iia'causimili·

246 4610 372 4728 'quam
399 4579 621 4672 affiniatem
638 4583 1039 4694 exprimerentolumus,
1089 4583 1263 4689 Alioquin
1277 4588 1484 4690 negarinon
1504 4587 1615 4668 debet
1628 4584 1701 4666 elie
1722 4585 1763 4664 iti
1788 4597 1896 4766 iffi
