3876 5234
206 359 214 378 „
351 251 442 374 Cap.
457 203 552 334 iric
579 249 744 337 nerana
758 248 1011 383 preoptatam
1026 243 1244 354 Physscnrrm
1258 248 1484 350 restitutione:
1576 243 1580 256 “
1683 254 1756 355 a'67
1827 343 1833 362 ,

99 449 168 506 uno
181 423 318 528 a'liqno,
338 426 532 532 incognito
549 427 616 508 scil.
630 397 1034 532 principiodeficiunt,
1057 426 1161 528 quod
1184 419 1317 508 nature
1330 429 1411 532 plus
1425 451 1535 530 quam
1558 453 1745 537 corporeae

95 527 320 632 &spiritualis
344 529 415 610 else
428 531 668 634 probabilibus
688 555 726 606 ar
752 527 906 610 umentis
921 523 1122 638 colligimr,
1145 551 1224 620 non
1238 555 1327 610 vero
1341 533 1389 612 ita
1403 529 1688 632 demonstratur,
1702 561 1744 620 ut

92 627 280 708 satisfacere
298 629 417 736 plenae
433 631 637 755 cognitioni
651 655 703 736 po
731 653 768 712 rt
902 751 906 758 1
1002 689 1006 700 -
1147 667 1151 674 ²
1393 685 1400 694 -

192 827 347 928 Tertio,
387 835 614 940 Philostaphia
629 841 724 918 circa
740 857 938 938 corporum
951 831 1153 914 coelestium
1170 831 1490 930 constitutionem,
1529 834 1744 923 &naturam
1782 857 1819 932 3.

93 929 258 1012 slellamm
274 931 425 1014 lixarum
442 935 544 1032 solis,
584 937 806 1042 planetarum
822 954 1046 1040 ceterorum,
1085 954 1328 1029 cometarum,
1354 961 1531 1019 novarum
1553 939 1741 1040 stellarum,

92 1056 168 1110 cunt
182 1034 323 1112 nonnis
338 1062 384 1114 ex
398 1036 709 1142 suspicionibus&
726 1033 971 1142 conjuniluris
986 1032 1115 1117 hauriri
1126 1035 1245 1143 poffit,
1259 1037 1492 1142 preferenda
1506 1040 1587 1120 sunt
1601 1041 1742 1125 senten·
1772 1129 1775 1137 f

91 1133 159 1226 tiae,
171 1161 251 1236 quae
262 1141 432 1229 omnium
449 1140 530 1220 sunt
543 1137 828 1218 verofimillimae..
883 1137 1007 1240 Quare
1020 1137 1087 1216 hac
1101 1138 1141 1218 in
1155 1139 1422 1243 pattepquidem
1435 1139 1656 1238 audiendum
1673 1159 1742 1252 pu.

16 1279 17 1284 *
92 1251 191 1314 tarem
201 1236 402 1338 Cattefimn
419 1265 503 1320 mam
520 1242 594 1322 istis
608 1243 676 1322 suis
691 1237 887 1354 vorticibps
902 1235 1094 1318 &orbium
1113 1231 1430 1338 converfionibus3
1446 1267 1649 1344 quanquam
1665 1273 1744 1328 non
1788 1335 1790 1342 ,

92 1336 221 1430 omnia,
255 1365 336 1442 que
350 1343 409 1444 ille
425 1342 472 1421 de
488 1343 602 1438 tribus
617 1343 686 1424 suis
701 1341 913 1436 Elementis,
950 1340 1036 1423 lieet
1051 1341 1257 1444 ingeniose,
1276 1341 1558 1446 'presupponin
1605 1348 1742 1431 robam,

90 1439 226 1518 Materia
244 1443 394 1543 quidem
416 1444 552 1524 subtilis
577 1440 720 1548 agnosci
742 1441 878 1544 potest:
910 1443 1101 1544 nonenim
1117 1465 1209 1548 puto
1229 1470 1307 1524 eam
1322 1441 1518 1548 quicquam
1533 1373 1676 1549 differre
1697 1453 1741 1539 ab
1773 1495 1778 1514 ,

90 1541 230 1628 ethere,
245 1545 304 1630 vel
320 1547 529 1646 quintoillo
544 1547 729 1626 elemento
744 1545 1075 1648 Peripateticorum.
1127 1545 1337 1630 Secundum
1352 1543 1483 1646 ejus&
1505 1555 1650 1632 tertium
1665 1553 1755 1640 Ele.

90 1665 241 1724 mentum
256 1645 371 1749 redigi
385 1647 550 1730 eriam'ad
566 1649 774 1731 communia
787 1645 964 1752 principia
979 1645 1110 1750 potest.

187 1849 352 1956 Qarto,
368 1878 453 1934 cunr
466 1853 714 1936 intelleelualia
729 1849 908 1958 pr'mcipia
921 1847 1093 1956 ponenda
1108 1856 1216 1932 etiam
1231 1847 1298 1934 lint
1311 1857 1353 1946 ln
1365 1843 1500 1950 natura,
1514 1855 1605 1962 poni
1620 1858 1756 1963 potest*
1775 1892 1801 1968 4

16 2001 17 2004 t
90 1947 297 2054 principium
310 1957 460 2058 aliquod
470 1957 652 2062 spirituale
661 1954 924 2058 operativum,
941 1949 1044 2056 quod
1060 1977 1182 2052 tamen
1198 1979 1282 2034 curn
1296 1958 1426 2057 Stoicis
1440 1961 1583 2058 Deum,
1597 1962 1739 2053 inunct-

89 2048 154 2126 sum
168 2055 344 2156 materiae,
375 2058 666 2164 inoperantem,
700 2081 779 2134 non
793 2055 1005 2134 audebimus
1019 2055 1216 2158 appellare,
1231 2082 1437 2159 quanquam
1452 2059 1621 2159 fortassis,
1651 2058 1740 2143 curn

91 2156 257 2236 concursu
272 2158 401 2238 divino
416 2161 573 2264 generali
588 2159 709 2236 omnia
725 2156 830 2246 fiant,
845 2157 953 2234 etiam
969 2156 1118 2260 speciale
1132 2155 1178 2233 ali
1205 2157 1268 2236 uid
1283 2159 1449 2238 accidere
1462 2163 1501 2238 in
1516 2183 1639 2241 natura
1652 2187 1740 2268 pos·

91 2249 134 2345 fit,
148 2259 249 2357 quod
264 2257 341 2361 lieri
357 2287 426 2341 nos
438 2287 517 2340 non
531 2261 787 2346 existimamus,
803 2256 941 2360 semper
955 2257 999 2334 ad
1015 2259 1096 2335 alias
1111 2183 1228 2336 cauas
1244 2259 1472 2354 reducentes,
1488 2286 1537 2339 ne
1554 2263 1739 2345 videamur
1867 2329 1873 2344 .

91 2358 192 2434 veteri
212 2361 340 2463 aliquo
363 2361 399 2442 dr
423 2362 610 2442 universali
631 2358 814 2462 principio
829 2357 1037 2459 ignorantiae
1057 2353 1230 2463 effugium
1243 2383 1417 2462 quatere,
1465 2365 1549 2440 Nec
1564 2363 1642 2443 satis
1659 2367 1741 2468 qui-

92 2455 164 2536 dem
179 2459 322 2555 scimus
335 2488 380 2542 sn
394 2490 479 2542 cum
489 2462 681 2542 Platonicis
694 2462 849 2540 animam
863 2459 991 2538 mundi
1006 2461 1215 2558 statuamuS,
1229 2483 1291 2542 aut
1306 2462 1475 2558 cumaliis
1489 2469 1617 2565 genlos
1633 2493 1743 2570 quos-

94 2557 165 2638 dam
180 2559 215 2640 br
230 2565 504 2669 intelligentias,
528 2567 587 2644 vel
601 2563 715 2644 totius
729 2561 877 2661 mundi,
898 2561 957 2639 vel
973 2561 1117 2642 orbium
1131 2559 1352 2658 coelestium,
1376 2563 1537 2667 praefides
1548 2565 1740 2663 :·id'enim,

91 2657 162 2738 srita
176 2661 239 2759 est,
259 2669 318 2744 vel
332 2666 552 2758 revelatione
567 2665 678 2748 debat
691 2663 760 2744 else
773 2663 975 2764 cognitum,
992 2664 1050 2741 vel
1063 2659 1262 2780 suspicione
1275 2665 1393 2766 aliqua
1408 2666 1611 2763 conjicitur.
1663 2671 1740 2750 Ab·
1826 2747 1837 2766 „

90 2761 198 2844 simila
211 2767 270 2844 illa
280 2763 480 2850 Aristotelis
495 2768 611 2871 princi
640 2764 1399 2869 ia,quaellletaphys1capouu‘ssunt‚quarn
1418 2767 1571 2871 physica,
1586 2770 1645 2849 se'u
1659 2773 1744 2852 uni··

90 2865 215 2944 versalia
231 2871 396 2971 quaedam
412 2869 461 2948 de
483 2869 590 2948 rebus
605 2791 778 2960 Sismara,
798 2867 913 2967 qualia
929 2861 1009 2943 sunt
1031 2863 1228 2944 materia&
1245 2861 1381 2962 forma,
1402 2893 1487 2948 cum
1502 2873 1632 2974 regule
1645 2875 1737 2954 Les·

92 2963 148 3042 bie
168 2969 273 3048 instar
294 2972 463 3076 applicari
486 2978 593 3051 omni
607 2967 796 3072 hypothesi
810 2965 961 3068 pollint,
991 2967 1031 3044 in
1051 2966 1197 3070 gratiam
1212 2990 1359 3054 eorum,
1400 2969 1464 3071 qui
1477 2963 1736 3073 disputationes

90 3065 298 3150 scholasticas
319 3075 511 3158 aeliimant,
531 3078 680 3150 retineri
695 3069 859 3174 possunt,
879 3067 995 3146 modo
1009 3066 1207 3145 commode
1220 3093 1267 3146 ex
1280 3090 1405 3147 mente
1414 3071 1633 3168 Aristotelis,
1654 3099 1734 3157 non

91 3167 154 3264 ejus
168 3173 241 3252 inte
288 3197 427 3264 return,
459 3175 703 3277 explicentur,
735 3196 842 3272 atque
858 3169 904 3249 ita
921 3170 1145 3272 applicentur
1158 3167 1204 3246 ad
1218 3193 1337 3248 rerum
1351 3194 1532 3271 namnam,
1566 3197 1615 3251 ne
1629 3176 1736 3279 plene
1831 3261 1834 3267 ,

91 3276 181 3352 omni
194 3299 253 3354 rea
268 3277 280 3354 i
296 3275 537 3370 fundamento
554 3275 810 3354 destituantur:
860 3271 1027 3362 uomodo
1043 3269 1205 3348 doblrina
1219 3269 1267 3350 de
1280 3267 1432 3362 formis,
1446 3299 1640 3391 earumque
1655 3277 1735 3380 spe-

90 3372 210 3471 ciebus,
224 3379 422 3480 harumque
435 3375 583 3456 edunto
598 3402 620 3454 e
638 3298 1101 3462 materiamlubordmarib,
1115 3367 1192 3448 satis
1207 3373 1407 3454 commode
1421 3375 1591 3476 explicata
1602 3379 1735 3490 potest¹

90 3471 145 3552 Uri
159 3477 246 3557 secit
260 3477 349 3574 illqd
366 3481 577 3562 llonotatus
585 3475 687 3556 Fabri
699 3477 738 3554 in
752 3477 907 3572 Piysscis,
922 3475 985 3552 ubi
999 3475 1179 3574 eleganter
1192 3471 1435 3579 demonstrat,
1458 3479 1652 3582 quomodo
1665 3477 1733 3571 snt

91 3573 338 3675 substantiales,
380 3605 560 3682 tanquam
574 3601 653 3656 non
667 3575 734 3655 lint
748 3573 964 3657 substantie:
990 3591 1062 3678 qua
1076 3573 1151 3652 inte
1193 3575 1372 3670 retatione
1386 3577 1444 3658 sua
1461 3602 1579 3658 veram
1595 3579 1765 3676 lirisio-¹
1856 3589 1860 3596 ’

91 3679 157 3760 telis
165 3706 334 3886 ἓιίἓῗηῖ
347 3609 381 3765 ἒ
388 3701 499 3865 ,prum
515 3679 719 3764 assecutum
775 3677 866 3780 Legi
879 3675 988 3762 etiam
1004 3674 1127 3792 potest
1140 3599 1326 3788 illatenus
1342 3679 1381 3758 de
1402 3678 1543 3782 consenfia
1555 3687 1733 3778 meracas<

92 3807 160 3858 mvl
221 3799 227 3811 ι
270 3797 555 3891 opiaea',i·¹'⁶‘7⁸
1566 3819 1571 3834 ¹
1848 3803 1854 3814 Ι

194 3963 357 4082 Verum,
379 4015 464 4073 cum
478 3990 656 4099 precipua
670 3987 824 4092 Physica
835 3949 989 4068 scientie
1026 4007 1079 4064 ars
1094 3968 1347 4092 itcoipotum
1361 3987 1549 4072 mistorum
1570 3947 1739 4078 narsitem*
1768 4013 1794 4110 ς]

91 4079 306 4173 demtionem
320 4094 562 4198 cognoscere,
576 4119 618 4174 ea
632 4099 732 4172 enirn
747 4007 1213 4272 sembaffmpgiomsunt‚
1226 4114 1285 4168 eas
1306 4089 1606 4209 Philosophorum
1621 4095 1729 4178 sedas

90 4188 347 4285 perbibemus,
361 4202 426 4299 qui
440 4195 487 4276 ad
499 4194 663 4276 sensuum
678 4193 869 4296 dubiump
896 4190 1148 4293 ‘osophanmr
1197 4191 1322 4293 Atque
1336 4190 1555 4296 hacqurdam
1568 4198 1731 4286 sensuum

92 4284 387 4400 summam,quam
395 4295 560 4404 poliunt,
573 4293 799 4376 subtilitatem
815 4290 1064 4474 sequunturin
1077 4291 1269 4409 particulis,
1310 4318 1393 4373 uate
1415 4303 1546 4376 omnis
1556 4299 1611 4378 illa
1626 4299 1733 4402 patri·

92 4392 235 4476 ollarum
249 4399 430 4494 doeirina,
445 4424 468 4476 e
482 4419 607 4476 ruente
623 4395 845 4488 Democriti,
912 4402 1021 4487 icun,
1034 4391 1202 4487 Cartesu,
1216 4419 1264 4471 co
1330 4395 1485 4476 tenda&
1497 4401 1748 4480 examinanda-

91 4494 145 4573 eli.
169 4499 268 4582 Cum
280 4508 379 4580 enim
392 4499 511 4582 mistio
524 4499 585 4578 fiat
599 4497 764 4580 internos
778 4496 881 4578 diver
938 4500 1183 4598 perminima,
1198 4493 1398 4576 videndum
1412 4499 1519 4577 nobis
1531 4500 1597 4594 est,
1611 4522 1653 4580 ut
1665 4501 1731 4579 de-

93 4599 366 4706 prebendarum,
387 4597 725 4713 inquodiverfitas
743 4596 800 4684 illa
812 4605 1040 4686 materiarum
1053 4591 1235 4698 consiliat,
1252 4595 1503 4704 &quomodo
1516 4597 1575 4684 illa
1598 4602 1730 4698 mixtio

904 4698 1032 4803 (ΗΜ
1616 4852 1625 4870 ,
1666 4727 1732 4812 per
