3964 5218
216 241 288 336 3„
415 151 421 162 ’
486 253 488 260 ,
584 195 1038 342 'poprisirnasopa
1090 222 1167 308 rai.
1182 221 1226 306 ir.
1250 221 1496 330 rarii

163 374 165 381 X
218 345 470 498 culumsaciat,
483 395 523 474 dt
538 395 660 474 veniat
672 392 866 493 aliquando
885 390 930 470 ad
984 383 1097 470 raxin.
1148 394 1252 473 Varii
1273 384 1355 474 sunt
1379 393 1436 470 alii
1453 390 1536 470 usus
1556 359 1648 476 aeris
1669 388 1707 466 in
1728 411 1773 467 ot
1822 390 1882 469 nis

188 498 194 514 ‘
216 499 471 602 pneuriflticis,
489 495 608 572 statuis
623 495 869 593 loquentibuS,
882 497 920 570 in
953 520 1114 570 onorum
1129 492 1344 594 direslione,
1366 491 1566 591 dequibus
1587 489 1736 594 singulis
1797 513 1884 567 cere

99 601 101 610 ’
216 620 296 676 non
317 595 514 700 possumus.
566 595 771 670 Videantnr
788 596 900 672 mulia
914 593 960 670 de
977 597 1019 670 iis
1038 598 1076 672 in
1088 595 1181 672 Sam.
1199 592 1365 696 Reyheri
1376 593 1592 696 Disertissime
1605 593 1735 674 desua
1785 591 1884 687 Unif

217 722 303 775 eum
317 695 437 773 adhuc
458 692 657 774 meminisse
672 719 697 771 o
723 718 797 794 erae
811 696 971 798 pretium
985 693 1099 794 est,de
1117 697 1285 772 conclavi
1297 695 1419 794 aliquo
1435 691 1610 796 parando,
1627 690 1730 792 quod
1743 690 1884 792 repleri

108 841 114 848 ·
218 795 349 901 pollet,
365 819 442 895 quo
462 797 565 894 velis,
588 804 681 894 aere,
695 721 801 872 dimo
829 793 996 872 halitibus
1009 795 1189 895 juvenum
1204 797 1424 899 vigentium,
1440 796 1546 870 variis
1565 795 1652 871 item
1676 792 1883 890 liquorum,

190 949 192 954 -
220 901 328 974 certis
345 895 486 972 morbis
507 893 746 993 medentium,
762 854 953 995 odoribus,
966 918 1008 972 ut
1029 918 1118 998 pere
1146 896 1217 996 tini
1239 896 1328 971 a'e‘ris
1348 895 1438 974 nihil
1461 893 1619 990 accedat,
1646 891 1779 991 quibus
1798 907 1883 966 cor·

120 1085 126 1096 ¹
219 1022 291 1100 pus
307 1023 338 1073 ae
361 1056 366 1065 .
387 1021 463 1096 uin,
478 994 568 1072 duni
591 991 826 1096 respiratione
840 1017 1018 1096 perpetua
1032 919 1145 1095 qualig
1155 997 1193 1069 in
1216 991 1408 1098 spirituum
1427 994 1576 1071 suorum
1598 991 1770 1071 famdiam
1789 989 1882 1070 ado·

218 1119 299 1202 ptar
314 1095 349 1171 sa
362 1095 479 1172 utaaes
498 1093 647 1194 odores,
667 1090 803 1172 sanitati
824 1092 1040 1183 restituatur,
1068 1189 1073 1200 „
1116 1093 1313 1212 Proposuit
1336 1092 1426 1172 illud
1454 1092 1617 1201 Magnus
1643 1091 1813 1198 Begelius
1845 1099 1882 1168 ἐκ

179 1195 183 1208 ’
224 1195 370 1296 Thestiur.
384 1223 448 1269 rer.
453 1195 557 1296 scless.
565 1215 599 1299 p.
608 1213 665 1278 108·
680 1195 745 1294 qui
764 1194 803 1271 ἃ
810 1217 846 1298 p.
855 1219 907 1289 ¹25·
923 1195 1111 1300 cujusdam
1127 1196 1266 1300 navigii
1284 1198 1379 1305 ae'rei
1391 1198 1569 1273 meminit.
1622 1193 1623 1202 '
1777 1197 1782 1212 '

154 1358 212 1452 ς’
319 1361 440 1462 Aquae
454 1359 547 1462 usus,
561 1383 643 1438 tum
659 1361 1195 1468 mechanicus,tumnan1ralis,
1217 1363 1410 1466 multiplex
1431 1355 1492 1435 est.
1560 1355 1620 1435 De
1630 1359 1792 1461 naturali
1812 1357 1881 1438 usu

218 1487 296 1542 non
314 1466 447 1540 erimus
473 1462 534 1537 hic
554 1460 704 1538 solliciti.
757 1462 877 1568 Qiod
896 1463 1158 1542 Mechanicum
1177 1469 1316 1563 attinet,
1332 1466 1452 1542 varius
1467 1458 1526 1535 ille
1541 1456 1610 1555 est,
1643 1483 1716 1563 pro
1730 1461 1879 1538 tatione

156 1603 160 1620 ι
215 1589 331 1664 aquae,
346 1564 406 1638 vel
421 1559 634 1664 compressae
654 1563 714 1638 vel
729 1585 932 1664 attenuatae,
949 1564 1048 1641 unde
1059 1565 1241 1642 mirabiles
1265 1589 1290 1641 o
1320 1564 1502 1657 crationes
1525 1557 1672 1662 possunt
1697 1561 1879 1638 innatum

215 1662 305 1740 sieri.
357 1659 421 1738 Est
435 1687 527 1739 vero
544 1661 629 1738 huic
650 1661 727 1738 usui
744 1663 859 1740 dicata
901 1666 1060 1742 eculiaris
1074 1689 1131 1744 ars
1147 1590 1368 1768 hydraulica,
1384 1685 1493 1764 quam
1510 1658 1624 1736 hodie
1645 1683 1880 1762 magnopere

157 1801 160 1822 ι
216 1764 396 1840 excultam
413 1762 598 1840 habemus.
670 1761 809 1862 Caspar
828 1689 1001 1844 &donus
1027 1763 1080 1842 sin
1110 1767 1197 1842 ulari
1221 1765 1317 1841 libro
1372 1757 1692 1840 oriffim'aartilicia
1714 1762 1877 1864 collegit.

215 1863 310 1968 Legi
324 1867 431 1941 etiam
447 1861 595 1964 possunt
612 1861 710 1940 Rob.
723 1863 848 1964 Boylii
866 1865 1037 1941 Paradoxa
1078 1867 1282 1964 ydrostaticr.
1333 1790 1652 1940 ddatuar'sonantes
1676 1861 1878 1960 antiquitus

216 1989 329 2060 etiam,
339 1961 442 2050 fassae
457 1962 548 2063 sunt,
563 1957 745 2040 mediante
757 1988 859 2064 aqua,
875 1965 913 2041 dr
931 1965 1040 2044 docet
1056 1966 1264 2064 Kirchcrus,
1302 1974 1336 2038 in
1351 1965 1491 2064 artefiia
1505 1964 1646 2060 Mussca,
1680 1961 1788 2038 talem
1809 1959 1878 2037 sta·

214 2083 315 2142 tuam
331 2062 525 2161 conficere,
541 2062 682 2161 quaad
700 2061 785 2140 solis
799 2085 925 2142 ortum
943 2066 1091 2169 incipiat
1106 2065 1297 2167 cantillam,
1318 2068 1438 2141 veteri
1454 2064 1505 2138 illi
1528 2061 1757 2137 Memnonia
1779 2059 1876 2138 fimi*

213 2163 268 2249 lis}
320 2166 555 2242 Fabricarunt
569 2165 682 2239 etiam-
692 2186 833 2240 veteres
847 2165 912 2241 alia
923 2163 1317 2265 instrumentamusica,
1348 2187 1452 2263 aqua,
1469 2159 1783 2269 quemadmodum
1805 2187 1875 2240 no·

211 2265 281 2344 stra
294 2276 386 2364 aere,
401 2265 562 2342 animata.
584 2263 687 2341 Talis
705 2267 837 2366 organi
855 2269 1057 2344 meminere
1073 2269 1268 2344 Vitruvius
1287 2267 1325 2344 ἃ
1340 2265 1495 2363 Hero,·e
1511 2261 1658 2360 quibus,
1672 2259 1874 2339 secundum

211 2367 362 2444 illorum
376 2387 549 2463 mentem,
561 2361 724 2464 Systema
737 2365 811 2440 lioc
826 2363 1010 2468 descripsit
1025 2367 1158 2444 isaacus
1175 2365 1321 2448 Vossius
1333 2375 1366 2439 in
1379 2365 1496 2438 librode
1510 2375 1688 2466 pernuvin
1708 2383 1806 2436 cama
1827 2361 1874 2438 ὅ*

210 2466 331 2540 viribus
344 2464 485 2562 rlprhmi
494 2486 591 2566 piro.
605 2461 709 2562 quod
721 2461 820 2636 apud
834 2466 934 2540 illuni
950 2468 1095 2567 prolixe
1111 2468 1330 2568 explicatum
1345 2465 1527 2542 videatur:
1530 2536 1550 2584 ο
1569 2459 1774 2566 ‘Magnifice
1787 2464 1874 2541 sane

24 2663 27 2671 Ι
209 2565 300 2642 illud
316 2563 537 2666 depraedicat
552 2559 711 2662 Vossius,
730 2565 743 2636 i
769 2562 893 2663 udque
906 2563 967 2644 Or
994 2566 1069 2642 anis
1085 2571 1195 2642 aereis
1212 2567 1326 2670 longe
1344 2563 1570 2666 praestantius
1586 2561 1653 2638 else
1668 2563 1873 2647 contendit.

82 2722 83 2733 ,
209 2663 420 2743 Artificium
437 2659 691 2765 hydraulicum
712 2659 763 2738 est
776 2661 874 2740 sorte
890 2665 928 2740 dt
941 2591 1043 2765 aldid,
1057 2689 1133 2766 quo
1151 2668 1233 2764 quis
1261 2689 1373 2769 epota
1385 2668 1488 2784 prius
1504 2687 1606 2762 aqua,
1622 2667 1744 2740 omnis
1787 2687 1871 2742 ene·

210 2769 260 2841 ris
282 2767 366 2841 vina
387 2763 605 2862 &liquores
625 2765 749 2864 potuit
764 2787 951 2862 evomere,
968 2763 1112 2865 dequo,
1128 2763 1155 2840 fi
1171 2727 1269 2843 resle
1286 2765 1571 2866 memini,aliqua
1587 2688 1871 2866 prodiditdcot·

212 2871 315 2944 tusin
328 2862 511 2964 Joco-seriis
530 2859 669 2960 artis&
688 2884 817 2936 natura.
866 2863 989 2940 Simile
1010 2864 1229 2942 tamen‘huic
1251 2863 1510 2944 uideturfuisse
1530 2863 1637 2964 illud,
1661 2865 1765 2962 quod
1785 2866 1870 2942 Ma·

241 2990 307 3042 nus
323 2964 490 3068 Pegelius
501 2986 574 3068 pag.
584 2990 637 3052 125.
660 2964 808 3062 Thcfiiuri‘
817 2964 872 3064 sui·
888 2965 1073 3066 prapofirir5
1098 2990 1145 3043 ex
1172 2967 1304 3043 eodem
1326 2990 1423 3044 certe
1442 2964 1626 3068 principio
1653 2963 1867 3043 deduslum.

207 2991 371 3146 dectinet
387 3065 425 3142 dt
440 3065 513 3141 huc
534 3089 591 3141 ars
605 3061 795 3138 Nataroria
820 3064 858 3139 dc
871 3067 1094 3164 Urinatoria,
1117 3068 1217 3167 cujus
1235 3065 1423 3173 singularia
1444 3088 1570 3144 notare
1592 3086 1755 3143 accurate
1779 3091 1869 3144 coii-

207 3169 359 3245 veniret.
433 3163 642 3242 Etmundus
663 3160 840 3264 Digbaeus
860 3163 899 3236 de
918 3183 990 3268 arta
1015 3170 1147 3240 mandi
1164 3164 1208 3243 {s
1221 3171 1369 3244 aviana·
1381 3168 1516 3246 librum
1534 3163 1702 3271 scripsisse
1718 3160 1867 3272 dicitur,

206 3267 270 3346 sed
293 3289 481 3368 nunqnam
498 3265 591 3354 inihi
607 3261 735 3338 videre
755 3263 854 3338 liunc
863 3263 974 3341 licuit.
1032 3265 1189 3344 'Erieius
1209 3258 1391 3348 Puteanus
1411 3271 1517 3346 etiam
1533 3267 1573 3339 de
1586 3285 1701 3341 natatu
1724 3265 1866 3384 scripsit

207 3366 296 3446 teste
321 3366 446 3444 Crasso
459 3373 493 3439 in
505 3368 589 3466 Elvg·
605 3364 685 3436 svm·
699 3365 911 3463 smmum,
926 3367 1110 3470 P·I·'p·328.
1161 3369 1231 3446 Sed
1247 3369 1402 3446 &illuni
1416 3375 1603 3468 nunquam
1623 3367 1699 3444 vidi
1728 3367 1767 3444 dr
1788 3375 1864 3447 lor·

199 3467 298 3546 'tallis
318 3468 386 3566 ille,
406 3492 489 3566 quae
502 3487 617 3554 artem
627 3461 774 3564 ipsams
793 3462 923 3564 eslans,
937 3491 1015 3544 non
1029 3471 1158 3574 attigit.
1207 3469 1268 3552 De
1282 3471 1457 3550 Thermis
1470 3493 1541 3574 per
1554 3481 1669 3548 artem
1686 3427 1865 3550 sacrandis

203 3567 331 3672 paffim
347 3567 494 3645 tradunt
510 3565 732 3642 recentiores
777 3565 967 3666 criptores.
1113 3581 1117 3590 '
1633 3568 1671 3616 ⁸·

30 3811 33 3819 .
118 3755 165 3827 14
309 3737 428 3840 Qiod
443 3737 599 3816 Terram
614 3735 759 3841 spesiat,
775 3760 929 3840 quantus
947 3736 1028 3840 ejus'
1035 3733 1118 3814 usus
1133 3733 1186 3839 sit,
1202 3733 1285 3814 satis
1300 3736 1552 3840 in·pr'opaiulo
1564 3735 1627 3840 est,
1635 3738 1807 3842 inprimis
1820 3743 1860 3822 iii

204 3835 260 3934 ils,
275 3837 311 3914 iii
330 3838 462 3934 quibus
484 3842 623 3918 radone
638 3839 814 3942 ponderis
827 3843 1060 3944 operationes
1072 3835 1298 3916 'instituendae
1312 3836 1402 3915 sunt.
1453 3839 1548 3916 Non
1564 3860 1685 3915 tamen
1701 3862 1779 3919 tam
1796 3871 1857 3923 va·

116 3975 126 4014 .·
200 3938 265 4014 riis
280 3935 399 4014 usibus
414 3939 470 4016 illa
513 3962 603 4042 atet,
637 3965 723 4016 uam
738 3951 810 4042 aer,
829 3943 888 4017 vel
904 3966 1006 4041 aqua,
1025 3964 1182 4041 corpora
1199 3937 1396 4038 subtiliora,
1411 3963 1494 4035 quae
1510 3939 1630 4015 fluore
1643 3940 1707 4017 suo
1722 3967 1855 4026 omnes

195 4036 240 4210 pn
262 4060 383 4214 passed
401 3965 532 4119 verldri
546 4066 600 4144 po
653 4063 707 4143 nt,
721 4042 763 4120 dt
776 4066 855 4119 cam
868 4041 919 4118 ob
932 4039 1069 4118 musam
1082 4041 1206 4150 multia
1227 4039 1448 4118 mechanicis
1461 4039 1856 4146 operstionibuslocoa·

210 4157 346 4214 ionem·
384 4162 455 4216 are.
490 4177 496 4187 ·
756 4159 759 4167 ¹
1026 4181 1029 4190 2
1351 4157 1357 4160 ·

130 4343 150 4419 5
308 4312 427 4418 Qiod
443 4313 573 4420 ignem
589 4318 728 4418 attinet,
743 4311 818 4412 ejus
834 4311 916 4390 usus
939 4331 1058 4392 tantus
1077 4308 1128 4390 est
1141 4313 1179 4389 in
1199 4333 1386 4413 natura,ut
1406 4312 1524 4413 major
1540 4305 1608 4392 else
1626 4339 1703 4392 non
1727 4317 1849 4420 pollis.

191 4411 254 4490 Ille
260 4438 416 4518 promus
424 4415 565 4496 condus
573 4411 624 4492 est
632 4417 802 4496 omnium
814 4413 1059 4517 Secretorum,
1070 4416 1129 4493 ille
1137 4413 1246 4494 solvit
1261 4437 1420 4516 corpora
1433 4413 1472 4494 ἃ
1484 4420 1690 4522 componit,
1702 4419 1850 4594 npquid

385 4546 390 4554 ·
1607 4586 1611 4598 .
1714 4565 1718 4574 ·
1747 4542 1845 4598 icam
