3972 5226
531 263 537 274 .
1041 208 1065 266 Χ
1546 214 1550 224 ”

143 443 149 451 .
250 291 323 409 :aa
358 343 406 431 ‚u
544 339 591 382 ··
750 275 1109 435 rogauerunt.
1133 331 1204 414 tn.
1222 335 1267 415 n.
1287 333 1384 415 aaa.
1402 335 1432 416 r.
1585 269 1633 285 Η

249 535 306 594 tra
321 509 422 590 illum
437 505 614 594 Antoren
629 508 740 592 video
753 510 917 636 scripfiffe
939 515 1093 618 aliquem
1119 511 1606 603 Christianum'Fabricium
1620 509 1731 593 ut'ex
1752 513 1919 612 comaga:

251 619 367 734 mpero
382 612 844 715 Francofuptmſsobservavr.
890 619 1048 698 Extat&
1071 621 1158 698 alius
1179 620 1323 722 quidam
1345 620 1433 698 liber
1456 623 1615 716 Jaconr
1639 619 1815 715 ffiipmtu,
1840 613 1919 690 ho·

254 717 362 797 amnis
378 713 518 819 plebeii,
535 714 593 792 sed
610 723 703 793 miro
719 719 902 798 interdum
911 720 1156 800 Enthusrasno
1172 747 1208 800 ra
1235 719 1276 816 ti,
1283 739 1324 800 ut
1337 721 1508 800 scriberet
1521 721 1647 810 libror,
1667 740 1746 795 non
1756 713 1921 792 omnino

254 817 356 900 sensu
371 825 475 894 omni
490 816 693 908 destitutos,
708 815 770 896 sed
786 837 909 898 tamen
925 822 1185 915 tenebricosos,
1200 747 1237 902 g
1252 823 1317 926 qui
1329 823 1393 900 -vix
1407 822 1559 924 intelligi
1571 817 1707 924 poffint
1717 817 1765 893 'ab
1779 813 1922 916 aliquo.

157 949 161 955 ·
253 925 287 1002 Is
303 921 341 996 in
356 915 514 995 Genehn
530 939 795 999 commentatur
808 923 863 998 est
876 923 994 1026 lingua
1005 926 1237 1018 Germanica,
1251 950 1293 1003 ac
1307 924 1435 1004 librum
1457 925 1563 1002 istum
1579 947 1664 1001 tum
1686 918 1823 996 Titulo
1841 923 1923 1003 Ma·

249 1028 345 1122 steria·
361 1029 476 1118 Magni
489 1017 619 1112 edidit,
636 1045 713 1118 quo
736 1022 929 1102 miscentur
953 1027 1199 1129 Theologica,
1224 1025 1366 1129 Pnyfica
1395 1025 1433 1104 dt
1448 1024 1644 1128 Chymica,
1674 1018 1867 1124 quainter
1887 1013 1924 1094 se

254 1121 378 1201 omnia
395 1121 485 1198 mire
500 1121 702 1224 componit,
721 1141 831 1226 atque
846 1127 897 1204 ex
916 1125 959 1205 iis
983 1127 1272 1208 Enthusrasticam
1294 1129 1474 1230 quandam
1499 1125 1786 1226 Philosophiam,
1812 1114 1921 1196 velut

254 1225 380 1302 Chaos
395 1223 593 1324 quoddam,
608 1222 789 1307 condidit.
837 1234 1015 1334 Principia
1035 1255 1156 1310 tamen
1179 1231 1255 1326 ejus
1278 1229 1489 1332 farraginem
1505 1226 1600 1332 quast
1614 1223 1795 1327 quandam
1811 1239 1922 1297 vete

251 1350 335 1418 rum
350 1323 533 1403 heresium
545 1325 729 1413 exhibent,
744 1351 825 1429 quc
840 1325 1006 1412 fasciculo
1023 1333 1185 1435 quodam
1199 1331 1347 1410 collaria
1359 1331 1520 1410 recenset
1541 1331 1679 1408 Thom.
1697 1323 1918 1412 GataketuS,

253 1429 293 1508 in
300 1433 488 1532 prefatione
501 1429 765 1523 miscellaneorum
772 1431 913 1528 suorum.
964 1435 1143 1529 Jddicium
1165 1435 1212 1511 de
1227 1435 1300 1511 hoc
1315 1433 1466 1512 homine
1485 1431 1673 1509 instituere
1687 1423 1836 1505 difficile
1851 1423 1923 1502 est.

251 1533 312 1628 (i)
338 1527 437 1607 Pium
454 1533 553 1606 e'nim
568 1527 671 1608 fuisse
685 1533 837 1626 constat,
852 1531 889 1611 dt
906 1534 1069 1637 idiotam,
1090 1536 1219 1614 &libri
1238 1555 1378 1628 tamen,
1394 1557 1489 1636 quos
1512 1531 1651 1630 scribit,
1665 1552 1744 1606 non
1759 1523 1939 1604 omnino-

251 1629 383 1712 rudem
400 1630 498 1708 illum
513 1628 593 1728 effe,
609 1632 819 1725 ostendunt,
833 1661 1041 1738 quanquam
1093 1637 1166 1714 leni
1184 1636 1250 1713 snt
1272 1634 1509 1714 fanaticorum
1532 1631 1707 1710 sensuum.
1733 1628 1848 1707 Unde
1864 1624 1926 1703 su-

250 1734 366 1841 spicio
382 1731 642 1843 nonnullorum
657 1733 721 1826 est,
733 1732 1039 1832 subejusnomine
1053 1662 1178 1840 stiipta
1192 1736 1291 1816 misse
1305 1735 1544 1828 edita,abdiis
1559 1729 1795 1832 veroscripta,
1804 1727 1920 1830 quod

251 1859 377 1922 tamen
393 1834 535 1939 probari
549 1832 625 1948 satis
642 1859 719 1912 non
736 1837 867 1939 potest.
918 1839 1089 1918 Instindu
1109 1845 1270 1916 numinis
1285 1837 1319 1916 se
1335 1835 1510 1938 scnpfine,
1526 1832 1761 1938 ipse‘faretun
1775 1855 1819 1908 ac
1834 1827 1924 1906 sue·

254 1963 340 2022 runt
357 1939 469 2028 multi,
484 1935 547 2038 qui
570 1959 644 2028 ctus
660 1937 923 2042 Philosophiam
937 1940 975 2018 δι
991 1942 1254 2044 Theologiam,
1275 1961 1316 2018 ut
1338 1939 1436 2016 coelo
1463 1939 1609 2039 lapsam,
1633 1947 1922 2025 venerarentur,

139 2109 144 2124 ,
252 2039 493 2128 Enthusastae,
508 2059 666 2140 quorum
682 2038 874 2120 hominum
888 2042 986 2145 gregi
1008 2067 1126 2146 nuper
1147 2040 1289 2121 accessu
1304 2043 1534 2147 Qtrtuts
1572 2041 1922 2126 KiintnnunvS,

251 2141 430 2247 'singularis
446 2163 545 2217 cette
555 2143 669 2218 homo
684 2144 820 2244 ingenii
829 2175 839 2235 3
858 2171 940 2223 nam
955 2170 1035 2246 quae
1040 2171 1138 2248 pene
1147 2145 1185 2222 in
1193 2142 1264 2249 ipsa
1273 2143 1425 2248 pueritia
1434 2139 1576 2243 scripsit,
1586 2157 1922 2242 arguuntmagnam

250 2246 386 2350 ingenii
402 2242 478 2339 ejus
493 2242 733 2345 capacitatem.
765 2253 844 2320 Tum
860 2250 1051 2322 Prodromus
1072 2253 1127 2344 aste
1147 2258 1354 2364 quinquennii
1361 2245 1418 2343 sui
1441 2243 1618 2330 mirabilis,
1633 2262 1675 2326 ut
1691 2261 1821 2324 votat,
1837 2261 1923 2336 quo

187 2428 192 2437 ,
253 2348 416 2451 recenset
431 2344 1923 2446 libros,aliquandoascedendos,ostend1tillumomniliteraturaegenercnonme-

197 2477 200 2484 ¹
252 2447 701 2535 diocriteresseimbutum.
729 2453 902 2548 humen,
912 2449 1358 2552 cumincideretinscripra
1378 2445 1775 2543 Bahmii,adeoistorum
1788 2439 1924 2521 lenio·
1983 2477 1984 2540 p

253 2575 302 2632 ne
321 2549 390 2626 fuir
405 2548 500 2648 quast
514 2546 743 2638 intoxicatus,
753 2568 793 2624 ut
807 2557 990 2626 continuo
1005 2575 1144 2628 nomen
1158 2549 1268 2628 setta
1285 2547 1581 2626 Enthustastarum
1599 2550 1772 2630 addiceret,
1785 2541 1925 2620 convi²

254 2655 314 2733 tiis
323 2675 473 2728 omnem
486 2643 627 2726 Philoso
655 2647 748 2724 hiam
759 2673 800 2724 ac
815 2649 1060 2750 Theologiam
1077 2652 1292 2732 nostratium
1334 2649 1558 2728 roscindens.
1609 2651 1733 2754 Quem
1741 2667 1866 2724 tumen
1882 2645 1925 2723 iu

252 2773 414 2834 errorem
423 2672 1284 2864 huncinduiiumexistimmquodcumjuvenise
1310 2773 1359 2848 et,
1369 2775 1440 2828 nec
1454 2745 1924 2829 maturumhaberetdere-

253 2855 323 2936 bus
335 2851 522 2951 judicium,
547 2849 728 2928 scientiam
751 2875 872 2931 autem
895 2852 1024 2932 variam
1046 2879 1089 2933 ac
1115 2879 1194 2934 non
1225 2854 1548 2945 contemnendam,
1568 2852 1659 2930 sastu
1679 2849 1800 2952 aliquo
1833 2850 1924 2926 istas
1982 2899 1983 2969 p

253 2955 459 3060 opiniones,
474 2954 660 3030 communi
675 2953 866 3034 hominum
882 2953 1209 3051 judicloadversas,
1231 2954 1483 3035 defendendas
1504 2954 1564 3030 fibi
1588 2953 1754 3032 sumserit.
1809 2954 1924 3029 Con·

254 3081 308 3138 tra
325 3055 516 3135 Bohmium
529 3054 692 3158 scripfiffe
709 3055 821 3134 vldeo
836 3057 945 3134 etiam
969 3058 1213 3136 Christianum
1235 3058 1444 3134 Fabricium.
1472 3105 1477 3116 ,
1524 3057 1700 3136 Ceterum
1716 3051 1927 3130 Historiam

253 3161 330 3260 ejus
346 3159 410 3235 viri
427 3158 556 3236 vellem
571 3163 653 3257 quis
668 3159 868 3234 accuratius
882 3155 1117 3258 confignaret.
1168 3161 1273 3236 Extat
1291 3157 1575 3259 nngticatingua
1589 3155 1923 3254 cujusdam-bot·

253 3278 306 3342 ais
323 3263 450 3354 Heydon
467 3262 651 3346 Harmonia¹
664 3261 784 3348 mundi,
799 3259 861 3337 ubi
875 3257 1028 3335 Mosaica
1042 3259 1161 3362 princi
1188 3258 1301 3340 iasuis
1326 3257 1493 3337 fanaticis
1506 3259 1771 3344 accommodat,
1785 3255 1924 3350 homo,
1981 3289 1982 3335 ;

255 3366 314 3442 vel
329 3361 467 3452 stultus,
484 3357 540 3434 vel
555 3357 676 3452 maius,
692 3379 733 3437 ut
748 3357 851 3438 facile
865 3383 912 3437 er
926 3360 1056 3468 cererin
1072 3361 1147 3457 ejus
1161 3287 1262 3441 iibris
1281 3361 1360 3461 quis
1374 3361 1598 3468 colligatisso
1614 3357 1923 3462 praesertimquo,

256 3492 303 3546 ex
317 3462 481 3541 dodirina
496 3480 729 3538 numerorum
752 3458 790 3538 dt
812 3459 1075 3556 charmitarum,
1091 3465 1232 3542 tradere
1253 3463 1370 3540 voluit
1389 3461 1749 3564 infattibiles‘regdas
1772 3483 1926 3562 cogno·

255 3563 380 3644 scendi
395 3563 584 3664 praeterita,
598 3560 778 3664 prasentia
802 3560 990 3646 &futura
1043 3562 1926 3657 lon.Sornnou11KozacrnMicaePhilosa·
1980 3553 1981 3572 ¹

248 3673 360 3776 phiec,
376 3667 511 3744 Bremae
525 3669 566 3742 A.
588 3674 690 3739 roda.
706 3676 742 3736 in
756 3681 823 3754 tua,
847 3663 994 3759 excusae,
1011 3665 1072 3744 vix
1092 3668 1222 3745 micam
1243 3664 1396 3766 aliquam
1418 3662 1492 3744 salis
1512 3665 1665 3754 habenta
1690 3659 1826 3740 nam&
1852 3663 1929 3742 illae
1980 3680 1981 3703 ¹

253 3767 405 3846 fanatica
419 3766 529 3844 multa
546 3763 647 3842 mista
661 3763 807 3849 habent
857 3766 1076 3848 Gennanica
1096 3770 1216 3873 lingua
1230 3767 1366 3870 scriptae
1386 3763 1488 3868 stutt,
1503 3767 1540 3846 ἃ
1553 3767 1594 3844 in
1615 3764 1774 3864 Historia
1789 3765 1926 3846 Gene-

255 3871 335 3950 seos
348 3868 492 3972 aliquid,
507 3891 612 3947 more
628 3865 800 3962 fanatico,
814 3885 1031 3969 argutantur.
1058 3969 1062 3979 „
1979 3925 1980 3930 a

194 4063 204 4080 “
359 4057 448 4158 Legi
464 4074 615 4158 quoque
628 4057 751 4172 potest
764 4056 955 4136 Trasiatus
977 4059 1015 4131 de
1031 4059 1146 4136 Casula
1167 4058 1364 4134 utrorum
1383 4053 1548 4134 Kircheri
1568 4066 1603 4130 in
1623 4054 1737 4170 Ocd'po
1757 4059 1929 4170 Egyptia-

190 4103 215 4184 ⁹
255 4191 298 4247 co,
320 4163 403 4234 Tam.
419 4189 444 4235 2.
461 4163 556 4273 Clafff
569 4190 600 4251 4·
618 4158 681 4234 uba
696 4166 820 4236 omnia
835 4158 890 4238 illa
906 4155 1061 4258 Pnynca,
1077 4183 1157 4259 quae
1174 4183 1226 4236 ex
1244 4175 1367 4236 mente
1389 4158 1649 4270 Hebraeorum,
1669 4179 1709 4230 m
1729 4151 1828 4234 libris
1853 4181 1928 4234 eo·

254 4279 336 4394 rum
350 4259 581 4374 Cabalishcts,
596 4259 845 4383 inveniuntur,
861 4285 907 4338 ex
920 4260 993 4378 asiis
1007 4259 1220 4354 Autoribus,
1242 4257 1466 4374 compendio
1489 4254 1651 4358 quodam
1666 4255 1852 4378 congerit,
1879 4285 1929 4377 ac

255 4389 341 4448 cum
357 4363 611 4462 AEgypuorum
626 4361 925 4466 Hierogsyphicsa
948 4383 1136 4464 utcunque
1156 4382 1358 4463 componit
1409 4359 1470 4436 Est
1483 4355 1521 4436 dc
1536 4359 1672 4460 Angsua
1686 4353 1836 4466 aliquis,
1855 4385 1930 4462 qur

255 4467 446 4549 uernacula
454 4462 572 4564 lingua
587 4462 782 4546 Historiam
799 4464 1018 4572 creationis,
1033 4487 1117 4545 ante
1133 4461 1284 4568 aliquod
1304 4484 1425 4554 annos
1439 4458 1639 4566 descripsit,
1668 4481 1771 4555 cutus
1796 4456 1929 4563 scripti
1977 4549 1978 4554 Ν

1798 4567 1927 4665 Argu-

249 4777 264 4806 ··
297 4758 370 4844 ,tu
391 4759 508 4914 ppos.
529 4733 660 4831 aaran
682 4757 784 4834 <antea
800 4757 949 4852 ⁶ratmunt
969 4709 1088 4829 niort·
1116 4757 1149 4822 r.
1171 4755 1194 4826 1.
1216 4753 1250 4818 t„
1271 4752 1295 4820 r.
1316 4775 1340 4818 a.
1362 4771 1405 4822 ιο.
1426 4750 1453 4839 a.
1473 4761 1518 4828 u.
1539 4753 1568 4817 a
1589 4749 1625 4818 aa
1646 4747 1744 4849 noa
1764 4753 1853 4820 mum
1874 4777 1931 4818 a..
1976 4847 1977 4852 Ν

363 4863 402 4912 no
444 4863 467 4908 ῧι
1371 4897 1379 4906 .
