3908 5202
377 245 454 332 ui.
469 243 516 326 V.
549 241 724 324 Tutor.
776 187 1078 350 ne'rinuguis
1096 242 1388 350 sitnia-iias„
1620 269 1690 346 529

49 429 260 530 flaccentia
275 421 469 518 Ethnicoe,
485 373 646 516 Judaeos,
667 413 976 515 Mahutnedanos,
991 365 1029 492 di
1045 413 1242 518 perversos
1265 405 1501 494 Christianos.
1552 413 1638 492 Poll
1653 415 1691 492 il·
1731 419 1735 432 '

47 536 98 610 los
108 529 247 634 plenius
261 526 359 602 Piiii.
371 520 622 600 Mnaseus-dc
637 515 745 618 Plcffls,
759 516 910 596 Nobilis
926 516 1065 616 Gallus,
1079 518 1118 592 in
1132 515 1212 590 libro
1224 517 1265 590 de
1276 521 1589 618 umclletigioni's
1601 519 1690 616 Chii·
1762 565 1765 574 .

41 635 143 732 piane,
157 629 293 708 Gallice
307 623 455 725 scripto,
473 621 571 698 hunc
585 615 742 698 fundum
754 621 964 719 occupavit,
980 616 1099 719 Lugd.
1114 616 1192 693 Bai.
1206 619 1333 695 Latine
1353 617 1500 694 reddito
1520 621 1565 694 A.
1587 627 1693 716 1607.

46 739 81 811 in
97 747 178 822 fluo.
226 727 336 804 Liber
350 725 514 824 optimus
526 719 592 818 est,
607 721 674 819 qui
684 741 900 822 argumenti
910 721 1092 822 priorum,
1108 739 1242 817 quanta
1254 720 1378 834 potuit
1398 715 1595 822 diligentia,
1604 743 1692 796 con·

44 836 164 934 junxit,
182 829 330 908 uberius
346 848 467 904 taitieii
483 819 697 906 testimoniis
714 817 921 922 indulgens,
943 843 1105 919 quorum
1120 817 1213 896 milii
1228 818 1361 896 videor
1376 821 1415 893 iti
1427 816 1576 894 Steuchi
1597 818 1692 895 libro
1759 815 1766 822 ’

44 923 491 1034 deprehenderevestigia.
502 919 589 998 Post
603 921 675 998 hos
694 943 827 996 omnes
840 919 965 997 =Huoo
991 918 1165 1000 Grotius
1189 920 1347 1022 eleganti
1360 917 1482 994 libello
1500 915 1691 996 remisttni

46 1032 211 1129 iradavit,
230 1031 368 1132 exiguo
390 1023 554 1123 quidem,
562 1018 624 1098 sed
635 1016 804 1123 pondere
817 1041 1122 1122 argumentorum
1165 1019 1261 1094 leno.
1308 1018 1436 1095 Primo
1449 1017 1602 1117 quidem
1615 1019 1694 1095 Bel·

68 1138 114 1210 ica
128 1135 250 1236 lingua
262 1127 330 1242 scri
358 1124 411 1243 sit,
431 1125 468 1200 in
486 1121 590 1240 psum
607 1118 854 1236 popularium,
869 1118 929 1196 sed
973 1118 1081 1210 ostea
1095 1143 1117 1194 a
1130 1045 1231 1196 giris
1244 1120 1391 1223 magnis
1407 1123 1570 1221 rogatus,
1584 1122 1697 1220 auxit,

43 1159 212 1310 {iLatine
225 1153 397 1324 reddidit,
414 1223 546 1302 additis
561 1243 670 1319 notis,
686 1219 733 1299 ad
753 1146 1032 1336 intelligendum
1056 1241 1218 1319 textum,
1241 1217 1448 1296 necessariis.
1500 1221 1596 1298 Non
1617 1223 1695 1320 qui·

45 1332 251 1434 demmiilta
263 1330 308 1408 ab
324 1326 403 1432 ipso
417 1321 618 1402 afferuntur
630 1345 741 1420 novi,
762 1317 808 1396 ab
824 1319 902 1398 aliis
924 1319 1094 1397 nondum
1109 1318 1211 1420 tasin,
1236 1319 1296 1396 sed
1313 1321 1454 1422 plenius
1472 1343 1594 1398 temen
1613 1321 1695 1398 niti·
1736 1362 1741 1370 -
1826 1316 1830 1324 ’

46 1435 191 1534 diusqiie
206 1453 358 1509 omnem
377 1451 416 1503 at
469 1445 684 1500 mentorum
702 1421 792 1518 vim,
806 1419 905 1517 quafi
922 1421 959 1497 in
975 1419 1130 1520 atslum,
1140 1421 1344 1526 compegit,
1352 1445 1465 1519 eaque
1480 1421 1535 1498 ele
1564 1423 1601 1520 ‘t,
1616 1423 1694 1520 qui·

46 1533 107 1612 bus
123 1538 178 1614 vis
193 1534 313 1632 aliqua
331 1530 391 1604 ine
419 1549 466 1624 et,
481 1522 654 1616 omnibus
669 1521 829 1620 denique
852 1517 1112 1620 limadlsimum
1126 1517 1232 1596 suum
1248 1519 1427 1620 judicium
1445 1519 1527 1614 addi
1556 1521 1592 1596 it.
1610 1521 1695 1596 No·

46 1633 177 1734 vissime
192 1632 341 1714 tandem
391 1627 504 1705 rodiit
521 1623 604 1698 Viri
619 1620 874 1718 Celeberrimi,
896 1621 981 1696 Par.
1004 1621 1101 1700 Diu.
1131 1617 1271 1696 Hutrii
1294 1623 1521 1717 Demoidlrati'o
1536 1621 1696 1724 Euangeli-

45 1763 87 1822 ιι,
101 1731 206 1814 Paris
220 1735 258 1810 iti
270 1731 332 1808 fol.
405 1751 450 1804 eo
466 1721 546 1827 ipso
561 1739 658 1800 anno
672 1720 791 1798 recusa
809 1717 861 1798 est
878 1722 916 1796 in
932 1721 1085 1800 Batavis.
1134 1719 1246 1798 Libet
1265 1718 1456 1823 inscriptus
1480 1719 1530 1798 est
1546 1719 1699 1824 Delphi·

47 1859 104 1934 no,
116 1860 157 1915 ut
171 1837 274 1913 illum
287 1849 469 1910 averteret
483 1825 529 1902 ab
544 1817 852 1922 illorumjudic‘iis,
860 1824 926 1920 qui
941 1819 1181 1899 Christianam
1196 1823 1415 1926 religionem
1430 1824 1648 1923 plerumque
1661 1823 1701 1898 iit

47 1939 124 2015 aulis
139 1936 343 2015 traducunt.
395 1924 567 2008 Procedit
581 1926 705 2000 Autor
718 1921 902 2004 methodo
920 1923 1190 2018 Mathematici,
1203 1943 1272 2023 pet
1285 1920 1532 2022 definitiones,
1557 1921 1595 1998 di
1612 1945 1700 2022 prn-

48 2035 252 2138 pusitiones,
261 2053 437 2138 putatque
450 2027 485 2104 se
498 2027 595 2102 veris
603 2027 658 2099 uti
672 2019 967 2098 demonstrativis
980 2023 1218 2126 argumentis,
1227 2019 1287 2096 sed
1301 2021 1417 2120 qualia
1432 2023 1484 2096 rei
1497 2042 1622 2097 natura
1631 2018 1699 2098 elle

46 2141 232 2240 permittit,
260 2137 378 2234 ilsque
400 2129 468 2206 reli
496 2127 594 2202 ionis
613 2117 828 2198 Christianae
853 2145 920 2229 cap
950 2179 959 2195 .
984 2117 1187 2195 confirmat.
1240 2119 1384 2224 Pugnat
1405 2142 1534 2196 contra
1551 2119 1700 2215 Judaeos

70 2243 227 2341 taecipue
244 2237 282 2313 δι
294 2233 449 2310 Atheos.
469 2151 668 2337 {pstquam
685 2243 789 2334 capp.
797 2217 891 2334 ¹lidei
906 2145 1121 2296 &hristianee
1135 2217 1323 2318 recensuit,
1337 2218 1382 2294 ad
1399 2213 1585 2296 historiam
1593 2219 1702 2296 Cliti·

45 2263 91 2437 sii,
106 2341 144 2418 di
167 2337 273 2414 Libb.
289 2332 436 2418 Veteris
452 2325 490 2402 di
506 2325 558 2398 Ν.
571 2324 621 2400 T.
637 2317 904 2416 certitudinem,
918 2318 963 2396 ab
978 2315 1286 2396 omnibusdubiis
1302 2317 1558 2406 vindicandam
1573 2343 1703 2421 proce·
1806 2358 1814 2366 ·

46 2437 227 2542 dtt‚‘qu0d
242 2451 499 2538 argumentum
515 2424 709 2500 maximam
725 2417 823 2510 illius
839 2417 921 2494 libri
937 2441 1080 2521 partem
1098 2439 1262 2536 occupat.
1311 2419 1414 2494 Nam
1428 2419 1473 2498 ad
1493 2419 1702 2520 pireisa-nnis

45 2542 189 2618 illorum
206 2527 523 2612 demonstrandam
539 2547 651 2602 omne
670 2517 828 2597 studium
841 2519 1037 2624 impendit,
1053 2540 1233 2596 examinat
1252 2524 1378 2598 omnia
1398 2522 1445 2597 V.
1462 2522 1509 2598 T.
1533 2523 1579 2598 de
1596 2522 1705 2602 Cliti·
1741 2601 1744 2608 ⁴
1856 2515 1861 2522 ’

46 2638 97 2718 sto
111 2637 279 2719 Otacula
302 2635 544 2726 omniumque
566 2619 865 2702 accuratilllmum
890 2619 1171 2720 parallelismum
1199 2617 1360 2720 instituit,
1387 2621 1521 2700 Bened.
1541 2622 1705 2726 Spinosae

48 2764 194 2841 quoque
210 2729 475 2840 argumenta&
491 2719 881 2829 argumentatiunculas
896 2718 1049 2795 subinde
1065 2719 1205 2796 vellicat
1223 2719 1261 2794 di
1280 2718 1425 2819 refutat,
1448 2747 1505 2800 eas
1527 2719 1705 2824 scil'quae
1850 2806 1852 2812 y

49 2842 228 2918 habentur
242 2842 280 2914 in
304 2833 457 2908 Tradita
483 2827 559 2926 ejus
582 2825 664 2896 Theo
714 2815 915 2892 ico-Foli'n'co.
963 2818 1064 2893 Nam
1083 2815 1279 2920 posthuma
1290 2819 1519 2922 Spinoliana,
1546 2850 1630 2901 cuin
1646 2827 1704 2900 ille

48 2941 227 3036 scriberet,
243 2933 412 3014 nondum
427 2927 653 3034 prodierant.
675 2949 693 2992 c
737 2917 970 2996 Crediderim
984 2940 1070 3102 ego,
1084 2914 1169 3020 post
1187 2919 1327 3016 aliquot
1339 2927 1454 2996 annos
1475 2947 1612 2998 novam
1629 2925 1706 3024 ejus
1775 2947 1780 2954 ·

48 3043 125 3118 libri
139 3039 356 3118 Editionem
373 3031 589 3108 moliturum
603 3025 799 3099 Autorem.
823 3015 997 3122 Speslant
1040 3045 1097 3118 uc,
1106 3020 1170 3118 qui
1189 3041 1315 3094 contra
1324 3019 1491 3097 Gentiles
1506 3047 1526 3098 e
1541 3021 1706 3106 Patribus

49 3143 158 3220 libros
178 3136 408 3240 scripserunt,
422 3134 477 3206 uti
491 3119 852 3226 feceruntOrigcnes
867 3141 994 3208 contra
1008 3118 1125 3219 Celfiim
1139 3122 1262 3220 (quem
1275 3122 1312 3194 in
1326 3119 1462 3224 Anglia
1477 3119 1591 3200 edidit
1614 3123 1709 3202 Can·

50 3245 132 3320 iabr.
150 3243 253 3318 Ann.
274 3243 375 3332 ¹⁶58·
395 3229 718 3338 pulcherrimoque
731 3229 958 3294 Commentario
974 3216 1161 3296 illustravit
1178 3217 1337 3294 Guiihs
1367 3223 1709 3322 encerus,)Jusiinus

29 3343 197 3445 Martyr
212 3351 246 3414 in
261 3339 417 3440 Apologia,
438 3328 640 3424 Arnobius,
658 3323 839 3398 Minucius
863 3321 892 3396 F
894 3319 977 3394 elix.
1031 3319 1308 3422 Argumentum
1336 3246 1383 3396 ge
1406 3323 1536 3398 ultimo
1557 3323 1708 3424 judicie,

52 3446 86 3520 di
104 3440 399 3544 conflagratione
417 3425 548 3527 mundi
567 3423 739 3540 singulari
754 3419 862 3516 libro,
871 3422 909 3494 in
923 3417 986 3496 lol.
996 3415 1110 3532 edito,
1126 3416 1401 3596 ePhilosophis,
1413 3423 1710 3528 ceterisquegen·

51 3543 166 3622 tilibus
179 3534 444 3641 Scriptoribus,
456 3525 647 3606 illustravit
660 3523 768 3598 Hier.
785 3521 948 3617 Manius,
964 3517 1035 3594 Vir
1049 3515 1287 3618 dodillstmus,
1334 3518 1402 3598 afil.
1418 3522 1464 3598 Α.
1485 3541 1587 3620 1562.
1598 3523 1707 3604 insol.

54 3645 162 3745 edito,
185 3643 225 3720 ὃ(
241 3636 392 3738 quidem
407 3625 715 3711 unteSteuchuin.
764 3621 858 3696 Non
872 3635 1131 3720 argumentum
1147 3619 1222 3696 hoc
1240 3617 1418 3698 Steuchus
1441 3645 1489 3698 eii
1537 3645 1612 3700 arte
1636 3648 1709 3702 tan·

53 3742 306 3843 tumattingit.
355 3734 417 3814 Est
433 3733 471 3808 di
486 3731 574 3806 alius
589 3724 737 3824 quidam
761 3721 981 3796 Airiioiisus
1005 3717 1261 3820 Pnunuirtius,
1277 3718 1411 3824 Episco
1439 3747 1481 3798 us
1532 3726 1709 3802 omaclen·

60 3846 113 3948 lis,
124 3837 450 3946 quillifputatiims
464 3829 577 3927 defini
588 3828 699 3905 minin
706 3820 864 3924 scripsit,
892 3817 1095 3922 inquibus,
1119 3843 1243 3921 quaea
1271 3823 1378 3898 variis
1428 3821 1713 4005 hilosophprppi
1754 3825 1757 3832 '

333 3983 336 3991 ·
505 3975 510 3984 ·
1623 3951 1642 4004 e
1681 3953 1711 4006 is

95 4155 119 4223 t)
138 4145 226 4210 Resle
241 4135 407 4220 conjemvii
421 4093 595 4210 Motholius,
603 4129 666 4190 Pet.
683 4127 757 4189 Dtn.
775 4125 925 4202 bliterium,
934 4111 1034 4206 'Epise
1048 4081 1261 4202 Abrincuistm,
1286 4143 1391 4186 norant
1405 4123 1648 4208 Deinoifirati'oiiis
1664 4125 1717 4192 suae
1845 4145 1857 4163 ¹

178 4229 346 4314 Evnirgelicae
359 4221 531 4322 moliturum
544 4217 597 4317 else
610 4213 787 4276 Editionem.
831 4211 944 4312 Prodiit
959 4211 1037 4310 enirn
1051 4209 1098 4272 illa
1112 4209 1219 4312 Parisiis
1233 4215 1269 4272 A.
1281 4209 1413 4362 rbgodtt
1427 4209 1476 4272 fol.
1491 4209 1525 4273 ab
1536 4219 1716 4308 Autprcnoii

98 4359 104 4370 .
180 4315 277 4380 solnm
292 4324 437 4399 recognita
452 4307 485 4371 dt
498 4305 633 4387 castigata,
646 4297 692 4362 sed
706 4299 816 4362 duabus
830 4316 914 4360 etiam
928 4295 1072 4378 prioribus
1084 4299 1206 4378 (Partfiis
1225 4301 1308 4360 Ani
1337 4313 1385 4382 79.
1400 4296 1496 4360 insol
1512 4297 1544 4362 ἃ
1558 4298 1715 4362 amstelod.

178 4409 216 4470 Α,
232 4399 321 4476 168ss.
335 4399 366 4458 in
383 4403 450 4471 guo.
460 4391 580 4471 excusis)
597 4387 696 4470 inultis
713 4388 744 4448 in
761 4385 829 4446 lueis
844 4384 950 4450 audior
967 4381 1085 4464 reddita,
1105 4383 1137 4448 ἃ
1155 4381 1344 4467 Apologctioii
1363 4381 1477 4466 insuper
1499 4381 1628 4448 adversus
1644 4403 1715 4466 quo·
1810 4469 1818 4480 .

180 4486 309 4553 tundant
324 4482 362 4546 de
377 4475 481 4580 Opere.
490 4479 547 4580 lioc
557 4471 690 4570 ,cuisutas
703 4459 870 4536 praelatione
889 4469 1028 4532 intuitu.
1069 4520 1073 4528 .

106 4652 308 4739 Totiulll.
385 4631 390 4644 ’
561 4713 567 4722 ,
973 4635 1114 4736 (Xxx)
