3908 5202
149 187 154 200 '
226 287 298 366 500
382 257 405 380 ‘v
454 261 463 278 '
649 317 652 325 ·
733 253 940 373 Palubssor.
966 238 1089 339 Prauss
1097 257 1135 361 s
1168 255 1261 338 Tam.
1284 252 1344 336 Ill.
1413 315 1414 320 ,
1509 317 1511 324 ,

106 429 116 440 ’
206 429 329 514 ‚frido
342 429 534 534 Sagittario
553 427 785 528 conscriptae,
809 428 907 522 Jenae
929 435 1029 524 1665.
1043 427 1172 522 in'4to.
1224 425 1402 503 Praeterea
1417 421 1523 504 etiarn
1538 425 1734 507 a'Marrino
1748 427 1884 506 Schoe-

232 531 298 608 kin
315 529 432 624 editus
447 529 550 605 estin
563 529 665 628 illum
682 533 946 624 caementarius,
971 553 1139 604 unacum
1157 527 1226 603 suis
1240 526 1479 630 Appcault'cibns9
1519 527 1744 613 Francosnd
1768 528 1884 607 Oder.

174 691 188 722 ,,
233 633 272 708 in
283 647 357 720 svo
380 635 477 713 1663.
502 634 511 674 -“
525 627 595 703 Sed
610 626 948 729 nonrespondent,
969 651 1043 705 tam
1060 629 1182 704 Autor
1203 627 1297 732 ipse,
1313 652 1421 725 quarn
1438 627 1774 728 Commentatores,
1785 635 1882 707 voris

175 725 178 739 ’
234 734 403 808 omnium
418 725 663 816 &defidcriin
703 727 806 804 ‘Non
821 730 939 824 enim,
965 726 1251 809 nificomntunin
1266 753 1305 803 ac
1320 725 1499 804 ordinaria
1515 729 1650 807 Rerum
1682 730 1754 805 ubl.
1769 734 1886 829 acqui·

232 831 429 922 rendarum
442 825 731 926 tuendarumque
749 827 870 903 media
885 827 1084 925 sestanmr,
1107 855 1125 904 a
1144 829 1277 928 quibus
1300 831 1455 905 omnino
1470 826 1648 906 differunt.
1698 833 1886 908 ominatio-

124 1003 136 1022 ,
230 934 287 1008 nis
302 930 453 1008 Arcana.
502 927 589 1002 Nec
603 926 753 1028 Cyrinci
768 927 913 1004 Lentuli
925 935 1049 1002 Arcana
1063 934 1244 1029 Regnorum
1259 924 1303 1003 ff
1326 927 1530 1030 Rau-ampodi.
1543 929 1645 1006 illum
1660 931 1809 1007 tinrlum
1818 955 1884 1008 tne-

233 1052 378 1129 rentur,
413 1052 497 1104 cum
522 1051 599 1104 non
621 1025 685 1102 nist
708 1030 898 1130 vulgarem
928 1031 1135 1105 contineant
1156 1029 1344 1122 Locorum
1368 1027 1637 1118 Communium
1656 1029 1884 1135 farraginem.

232 1130 447 1208 Accutatius
459 1126 594 1226 aliquid
610 1127 657 1202 de
670 1151 715 1203 eo
730 1153 772 1203 ar
800 1148 951 1204 umento
966 1132 1207 1205 commentari
1228 1131 1366 1230 incepit
1387 1127 1537 1202 Gabriel
1556 1129 1746 1208 Naudaeus
1757 1187 1769 1231 ,
1794 1131 1885 1210 libro

232 1229 370 1308 Gallice
382 1227 447 1306 scri
479 1249 540 1326 to,
564 1223 628 1304 sub
643 1229 696 1303 tit.
710 1153 947 1327 conpgderarrons
955 1231 1123 1330 polingona
1133 1227 1196 1328 fiir
1215 1231 1260 1316 les
1277 1250 1370 1330 coupr
1392 1230 1423 1302 rs
1433 1229 1534 1325 Fssat,
1569 1229 1830 1326 Romae1667.
1853 1235 1886 1308 in

237 1351 293 1410 12.
343 1327 431 1428 Ejus
449 1254 628 1430 &posculi
646 1329 811 1429 primunr
832 1352 909 1403 non
926 1326 991 1404 nili
1005 1327 1201 1405 duodecim
1224 1330 1444 1428 exemplaria
1456 1327 1628 1430 impressa
1647 1329 1749 1429 sunt,
1781 1355 1886 1431 atque

123 1460 128 1469 ·
232 1431 327 1505 inter
340 1426 506 1504 rarissima
521 1427 683 1504 habitum
700 1426 787 1528 fuit,
810 1428 1030 1526 usquedum
1047 1430 1084 1503 in
1100 1427 1232 1532 Belgio
1247 1427 1298 1502 est
1312 1427 1486 1526 recusum.
1536 1427 1665 1506 Postea
1683 1432 1722 1506 in
1737 1433 1886 1510 Germa·

41 1593 45 1612 ,
158 1610 159 1613 ,
234 1532 293 1608 nia
310 1527 449 1604 editum
464 1526 516 1604 est
530 1553 616 1604 cum
635 1535 862 1602 Commentario
879 1528 1024 1604 Gallico
1040 1529 1227 1628 cujusdam
1242 1527 1334 1604 Lud.
1352 1527 1413 1604 Du
1428 1529 1520 1628 May
1538 1529 1582 1602 Α.
1608 1545 1710 1630 1673.
1734 1535 1774 1618 in
1800 1550 1832 1622 8.
1853 1537 1885 1608 in

137 1623 147 1655 ⁸
229 1652 326 1727 quo,
352 1653 559 1728 quanquam
574 1651 652 1704 non
666 1627 895 1726 usqueadeo
913 1627 1067 1704 abstrusa
1089 1629 1307 1726 habeantur,
1344 1650 1542 1706 occurrunt
1561 1650 1682 1706 tamen
1699 1633 1883 1730 nonnulla,

230 1728 275 1804 ad
291 1728 571 1806 elucidationem
590 1727 666 1826 ejus
684 1729 766 1804 libri
784 1753 860 1804 non
881 1753 1013 1830 parum
1029 1727 1203 1804 facientia.
1280 1729 1374 1804 Non
1389 1753 1500 1828 pauca
1522 1732 1557 1803 in
1583 1729 1657 1804 hoc
1670 1732 1831 1810 Naudaei
1850 1735 1883 1808 li·

228 1828 300 1906 bro
318 1827 509 1926 docentur,
517 1851 601 1926 quae
616 1827 769 1904 Politice
777 1826 943 1932 prodesse
952 1826 1318 1930 poliunt,quanquam
1327 1832 1438 1904 multa
1450 1829 1882 1911 illiusVirhonellusnon

230 1930 417 2006 immerito
442 1927 599 2006 damnet.
672 1928 770 2029 Quis
792 1930 889 2004 enim
912 1927 1005 2005 adeo
1028 1927 1211 2030 perfristae
1232 1928 1386 2027 frontis,
1419 1949 1461 2003 ut
1479 1929 1654 2006 lanienam
1675 1933 1772 2008 illam
1795 1934 1883 2010 Pari·

202 2026 395 2128 ¹liensem,
439 2049 610 2127 tanquam
634 2027 850 2132 singularem
874 2048 989 2104 artem
1007 2027 1215 2126 politicam,
1239 2027 1372 2126 laudet,
1387 2025 1491 2128 quod
1511 2029 1570 2103 ille
1585 2027 1688 2128 facit,
1714 2035 1827 2132 inque
1847 2058 1882 2110 ea

229 2127 321 2204 nihil
335 2128 594 2230 reprehendit,
619 2127 684 2205 nifi
700 2130 954 2205 executionem
976 2153 1054 2204 non
1074 2128 1154 2206 sitis
1166 2127 1393 2232 expeditam.
1468 2127 1608 2206 Laudat
1630 2129 1768 2208 ibidem
1785 2133 1883 2211 Hier.

229 2227 387 2328 Cardani
401 2233 623 2316 Protei-nerana,
643 2254 684 2306 ac
696 2225 813 2302 librum
828 2229 867 2301 de
882 2229 1022 2301 utilitate
1033 2257 1076 2301 ex
1088 2226 1181 2302 rebus
1198 2229 1510 2334 mancipanda,
1534 2229 1667 2327 quibus
1678 2241 1883 2310 continean-

229 2349 290 2406 tur
303 2327 604 2429 multaetechnae,
628 2351 703 2405 tam
717 2329 898 2429 Politicae,
922 2353 1033 2428 quam
1053 2329 1338 2426 Oeconomicae,
1364 2327 1465 2427 quod
1487 2329 1526 2406 dt
1543 2353 1673 2406 verum
1687 2329 1748 2407 est.
1804 2335 1881 2410 Fuit

227 2431 327 2505 enim
338 2435 368 2506 is
384 2432 532 2528 Autor,
558 2453 600 2506 ut
612 2431 762 2531 ingenio
778 2426 918 2504 summe
936 2429 1198 2511 melancholico
1218 2431 1256 2506 dt
1272 2428 1458 2530 suspicaci,
1482 2431 1529 2506 ite
1546 2431 1583 2504 in
1597 2431 1880 2510 omnibusetianr

227 2529 338 2606 rebus
355 2529 569 2630 perspicaci,
596 2531 634 2606 dt
654 2525 934 2625 quodammodo
949 2527 1192 2628 diuinatotio,
1229 2553 1438 2628 quanquam
1460 2531 1563 2630 iniria
1582 2533 1693 2606 etiam
1717 2537 1826 2636 nugis
1847 2535 1880 2610 du

226 2627 536 2728 superstitionibus
552 2627 609 2706 sua
619 2627 757 2726 ubique
772 2627 951 2706 incrustet.
1002 2625 1082 2730 Qti
1101 2627 1148 2704 de'
1159 2631 1505 2730 Peraripr'sr'aslirurione
1517 2629 1732 2731 scripserunt
1745 2633 1877 2710 Audio

227 2752 305 2826 tea,
330 2728 403 2804 huc
419 2751 570 2827 quoque
584 2727 770 2831 spediunt,
796 2727 843 2802 de
856 2747 967 2827 quoa
1016 2751 1188 2828 ument0,
1214 2729 1252 2806 dt
1267 2751 1426 2826 veteres,
1454 2729 1492 2804 dt
1507 2733 1746 2832 recentiores,
1777 2735 1878 2810 habe·

225 2849 308 2904 mus
323 2829 527 2928 plurimoS,
547 2827 738 2928 dequibus
754 2826 946 2904 videantur
1004 2823 1269 2904 omenclatores
1286 2829 1546 2931 philosophici.
1620 2833 1720 2906 Ante
1744 2835 1877 2934 aliquot

226 2952 341 3004 annos
355 2929 479 3031 lingua
496 2929 641 3004 Suecicc
655 2927 772 3004 editus
784 2925 838 3002 cst
850 2927 897 3003 de
911 2927 985 3003 hoc
998 2950 1218 3028 argumento
1226 2928 1342 3029 liber,
1367 2951 1451 3006 ante
1464 2927 1642 3006 ducentos
1663 2933 1746 3031 plus
1762 2937 1876 3010 minus

225 3051 340 3106 annos
354 3027 494 3104 conseri
523 3049 600 3124 tus,
626 3051 772 3104 curante
788 3027 909 3130 Regni
922 3027 1057 3104 Sueciae
1079 3025 1324 3129 Cancellatio,
1348 3036 1466 3131 Magna
1478 3027 1573 3102 θεὸν.
1588 3033 1627 3102 dc
1642 3035 1675 3130 la
1688 3031 1877 3120 &ardincu-

222 3129 282 3229 jus
296 3127 408 3206 exstat
422 3129 468 3204 ad
486 3053 571 3206 gar.
585 3129 646 3204 XI.
662 3129 805 3231 Regem
820 3125 987 3228 praefatio
1006 3125 1101 3202 libro
1119 3126 1305 3228 praemissa.
1384 3128 1584 3207 Adduntur
1607 3131 1644 3208 dt
1659 3131 1776 3212 Nocte
1797 3136 1876 3230 Joh.

225 3227 422 3329 Schefferi,
447 3227 600 3306 eruditae
615 3229 653 3306 dt
670 3227 830 3304 multum
847 3226 991 3304 Politici
1002 3225 1095 3301 succi
1111 3226 1298 3307 habentes.
1349 3228 1525 3326 Pleraque
1545 3228 1627 3308 sunt
1652 3255 1671 3308 e
1687 3231 1877 3312 Veteribus

227 3329 648 3432 Austoribusexcerpra.
694 3327 825 3406 Editus
840 3323 891 3404 est
905 3327 997 3404 liber
1011 3325 1176 3404 Hormina
1197 3329 1245 3404 A.
1266 3337 1371 3422 1669.
1394 3332 1433 3404 in
1448 3328 1518 3406 fol-
1531 3337 1578 3431 g)
1705 3389 1707 3394 .

168 3533 214 3604 ις
340 3505 467 3602 Refert
482 3491 710 3612 conringius
726 3508 821 3584 inter
839 3504 1038 3607 Generales
1054 3505 1229 3584 Politicos
1245 3507 1450 3609 Scriptores
1465 3507 1572 3584 etiarn
1587 3529 1669 3606 eos,
1687 3511 1753 3608 qui
1766 3510 1876 3590 Leon

83 3689 85 3698 ,
176 3607 179 3618 ’
226 3609 423 3682 Virtutum
438 3608 619 3683 Gnnrtuu
640 3609 888 3723 collegerunt,
917 3630 999 3703 quae
1016 3605 1093 3681 usui
1106 3603 1174 3682 else
1190 3605 1337 3709 possunt
1356 3607 1535 3706 Politico,
1561 3633 1643 3684 cum
1662 3607 1876 3690 indosttina

222 3710 370 3811 Legum
388 3711 496 3786 variis
511 3707 876 3811 Rerumpubltcarum
890 3703 1021 3782 formis
1044 3706 1339 3807 applicandarum
1362 3703 1531 3784 versatur.
1584 3700 1786 3786 Paiiciffimi
1803 3711 1876 3788 sunt

224 3813 318 3887 inter
328 3807 515 3909 Politicos,
559 3812 595 3886 ui
611 3811 683 3886 hoc
699 3827 957 3923 argumentum
972 3805 1187 3902 trasiarunt3
1208 3809 1397 3890 imonulli.
1449 3807 1826 3896 Nomotheticeenim
1834 3812 1876 3889 se·

252 3911 345 3986 niter
360 3907 539 3988 nudatae
583 3909 789 4005 aPoliricts,
803 3907 842 3983 dt
856 3906 914 3982 illa
932 3928 1052 3982 tamen
1067 3909 1263 3984 maximam
1289 3905 1475 3989 constituit
1490 3907 1713 4008 Reipublicae
1812 3939 1875 3990 ent.

129 4043 139 4050 ’
221 3935 435 4112 {Quomodo
446 4013 544 4088 enim
555 4012 664 4116 leges,
682 4007 813 4109 quibus
822 4005 1569 4110 Rerumpublicarumformisapplicandae,
1582 4009 1713 4107 quibus
1722 3937 1875 4092 illaetlon·

383 4133 388 4136 ·
1298 4147 1301 4154 ⁴
1718 4135 1873 4214 venrant,

267 4309 302 4400 g)
316 4309 362 4373 De
375 4311 456 4374 Sreci
468 4312 630 4394 Anonymi,
649 4312 699 4393 qui
712 4311 771 4372 sce.
784 4312 863 4374 xlv.
873 4311 960 4388 vixit,
984 4309 1154 4392 hstimrinue
1168 4315 1259 4400 Regr'e,
1269 4309 1327 4374 five
1342 4311 1478 4397 Regimt'rte
1493 4311 1597 4398 Regum
1609 4313 1788 4393 vemacnlo,
1807 4317 1873 4379 Hol-

354 4399 418 4460 miae
431 4402 467 4460 A.
485 4395 571 4483 1669.
591 4419 657 4460 cum
677 4397 744 4480 Joh.
762 4398 897 4460 Schefferi
916 4397 1040 4476 Verspime
1055 4400 1157 4460 latim
1171 4398 1205 4464 ir
1220 4401 1318 4476 Notis,
1343 4399 1501 4479 publicato,
1522 4399 1579 4464 vid.
1595 4399 1676 4478 plura
1697 4401 1730 4468 in
1742 4401 1871 4464 Scheffcri

352 4485 442 4546 Suecin
459 4485 584 4544 literato
592 4503 620 4565 p.
631 4505 657 4556 ρ.
673 4485 831 4566 nostrisque
842 4483 877 4546 ad
890 4479 968 4544 illam
984 4483 1201 4565 Hypornrremntit
1212 4504 1240 4567 p.
1253 4481 1747 4562 351.Morholius‘Antoreaneculo
1763 4489 1870 4572 integro

348 4571 513 4650 judeum,
535 4591 629 4652 qutun,
649 4569 793 4632 Scheffero
808 4569 883 4648 teste,
897 4567 967 4648 fuit,
985 4570 1129 4632 credidisse
1141 4571 1262 4633 videtur.
1689 4608 1694 4616 ·
1780 4583 1785 4592 '
