3964 5218
339 397 343 404 ἦ
481 279 658 400 dapXX,
678 285 736 368 De
748 277 859 406 Mori,
872 285 1016 392 ejusque
1019 287 1128 386 fluxa
1142 283 1183 381 εἰ
1197 287 1350 386 rosuxu,
1363 283 1432 382 &o
1489 243 1512 315 .‘
1704 293 1781 382 3⁶?

78 462 214 564 glacis,
227 467 301 554 unJa
315 457 402 541 cum
418 461 722 570 Responfionlbut
747 465 791 546 ad
813 465 896 546 ilias.
924 467 1040 569 Vitlp.
1054 495 1111 558 κιρ.
1132 481 1205 560 ²34?
1219 491 1284 560 235·
1300 481 1370 558 518.
1416 459 1778 556 HonoratuaFabri,

93 571 202 638 Tom.
210 591 244 658 3.
258 565 407 660 Phystccs,
427 575 484 646 Tr.
499 579 525 644 ὅ.
541 569 594 644 lib.
606 598 641 666 5.
663 595 791 672 magna
811 565 981 658 industria
1001 579 1117 648 totam
1138 567 1232 646 hanc
1255 562 1455 644 doslrinam
1504 561 1666 664 roponit.
1714 563 1775 641 Ad

83 663 229 742 lunam
242 686 365 755 tamen
379 667 516 748 causam
531 694 609 749 non
623 671 736 750 refert
759 669 1046 751 intumescentiae
1064 659 1189 770 maris,
1204 667 1264 748 sed
1280 693 1358 746 eam
1381 585 1608 746 occadonem
1630 679 1773 778 tantum
1839 722 1841 730 ,

83 765 272 870 appellat,
287 793 369 870 que
383 789 480 850 certe
494 768 663 852 subtilitas
679 775 738 854 hic
756 797 833 852 non
862 772 1159 875 est'magnopere
1184 767 1414 849 attendenda.
1487 767 1602 862 Situm
1622 763 1717 843 lunae
1731 787 1771 844 1n

87 867 210 947 causa
222 867 294 946 eise
307 869 409 965 dicit,
423 893 464 952 ut
478 873 580 962 aeris,
594 872 819 979 superficiem
835 895 937 954 terte
950 873 1156 967 ambientis,
1169 870 1265 952 nisus
1280 869 1320 950 lit
1341 868 1530 974 inequalis.
1580 867 1662 946 Seii.
1678 869 1774 946 lune
1900 901 1903 904 ·

88 969 419 1074 globus'sphaeram
433 975 679 1076 gmvitationis
693 977 819 1058 habeta
872 975 995 1056 Habet
1018 974 1182 1074 deterre,
1203 997 1356 1077 quarum
1371 989 1604 1076 utrarumque
1618 970 1772 1075 spherae

89 1071 355 1175 gravitationit
369 1077 557 1166 communi
579 1101 641 1160 tan
665 1102 751 1160 ente
772 1078 927 1182 gaudere
950 1077 1057 1166 dicio
1081 1075 1183 1156 unde
1204 1073 1421 1253 inreqpalitaa
1443 1073 1550 1164 aeris,
1566 1072 1602 1152 ἃ
1617 1097 1701 1153 eum
1716 1069 1771 1150 se-

92 1173 288 1278 quentisa
316 1201 383 1278 ua,
396 1175 576 1282 sequatur.
628 1103 721 1288 dpae
745 1181 876 1285 opinio
900 1205 980 1261 non
1000 1178 1188 1258 multumt
1210 1181 1284 1272 ,Wa
1310 1174 1413 1256 ifirna
1443 1174 1585 1256 differre
1611 1176 1771 1256 videtur.

93 1201 469 1382 Cetetumdpeciales
482 1282 574 1360 circa
600 1283 702 1362 aestus
725 1284 882 1363 marinos
906 1279 1193 1367 observationes,
1217 1301 1412 1381 earumque
1435 1278 1571 1372 causas,
1602 1280 1792 1375 centeniu„

93 1375 428 1494 propositionibus,
443 1382 480 1461 dr
498 1383 620 1464 multis
640 1384 905 1473 schematismis,
928 1384 1180 1490 persequitur,
1193 1401 1234 1460 ut
1250 1397 1334 1480 non
1350 1377 1512 1469 credam,
1530 1380 1632 1459 facile
1654 1405 1770 1483 quen-

93 1507 214 1584 quam
230 1506 363 1578 maiore
376 1481 548 1566 industria
564 1511 641 1566 rem
657 1487 758 1566 istam
781 1487 999 1569 examinalle.
1050 1487 1120 1564 Pro
1141 1481 1382 1563 fundamento
1404 1505 1526 1562 tamen
1541 1483 1604 1561 hic
1617 1483 1768 1562 subster-

94 1582 237 1663 nendae
252 1581 334 1666 sunt
350 1584 621 1668 observationes
636 1613 656 1668 a
672 1591 786 1683 variis,
801 1591 839 1667 in
854 1589 958 1670 variis
974 1587 1081 1679 locis,
1096 1609 1222 1689 magna
1242 1610 1328 1666 cum
1348 1591 1572 1680 attentione,
1587 1585 1767 1664 institute.

93 1687 311 1791 Qomodo
326 1687 429 1792 clius
443 1687 641 1770 secundum
657 1691 1032 1793 tabulasobservandi,
1057 1687 1291 1791 prescribitur
1311 1699 1347 1763 in
1362 1689 1450 1763 Allis
1464 1692 1552 1791 Angi
1568 1693 1674 1763 Societ.
1676 1711 1711 1786 p.
1722 1703 1780 1766 18:
1819 1740 1821 1750 ι
1930 1761 1933 1770 ,

92 1790 158 1868 De
174 1793 347 1874 varietate
360 1789 510 1872 cliuum
524 1799 564 1872 in
578 1791 703 1874 Infulis
718 1793 1017 1874 Occidentalibus
1037 1791 1166 1870 Scotiae
1181 1789 1256 1876 vid.
1279 1787 1407 1871 eadem
1420 1794 1542 1897 Ailap.
1556 1821 1606 1886 40.
1633 1789 1692 1867 De
1707 1811 1769 1865 va·

93 1891 226 1971 rietate
239 1915 366 1972 eorum
382 1895 640 1991 in'BennudIs,
653 1897 711 1999 (in
727 1897 863 1994 Scotia)
873 1923 907 2004 p.
923 1908 987 1994 460.
1004 1899 1042 1978 o
1058 1905 1125 1992 664.
1176 1895 1235 1976 De
1249 1895 1399 1974 cliuum
1415 1917 1505 1974 vero
1521 1914 1688 1997 tempore
1703 1915 1768 1968 ex·
1827 1977 1830 1981 .
1898 1939 1910 1950 -

92 2015 150 2073 tat
163 1991 321 2097 Epistola
336 1995 488 2098 Henn'ci
501 1999 656 2104 Philippi
670 1999 715 2078 ad
730 1999 926 2080 Wallisrum
948 2013 983 2076 in
1004 2001 1093 2079 Allis
1102 2021 1135 2102 p.
1145 2024 1216 2092 540.
1267 1995 1453 2100 Equibus'
1466 1996 1652 2084 videmus,
1677 1991 1769 2076 mul·
1843 2011 1850 2021 ·

91 2118 178 2178 tum
193 2095 314 2206 qdhuc
327 2092 501 2202 superesse
515 2101 554 2179 in
568 2099 800 2204 inquisitione
815 2103 920 2209 ipsius
935 2101 999 2202 rei,
1015 2119 1206 2200 antequam
1217 2099 1440 2180 definitivam
1454 2097 1502 2178 de
1516 2124 1600 2178 vera
1614 2098 1766 2178 aestuum

91 2195 197 2280 causa
211 2195 559 2283 sententiandicete
580 2201 766 2306 polimius.
833 2205 939 2305 Jungi
964 2205 1072 2282 etiam
1095 2200 1137 2280 iis
1160 2201 1470 2284 observationibus
1491 2200 1653 2306 poliunt,
1680 2223 1765 2302 quae
1896 2216 1900 2222 “

90 2298 226 2380 Bernlt
241 2301 418 2380 Varenius
433 2305 576 2386 notavit
586 2318 622 2381 in
639 2311 835 2411 Gcograpbia
843 2313 1003 2409 generali,
1014 2303 1116 2400 cuius
1129 2301 1261 2384 nuliam
1283 2303 1512 2384 mentionem
1525 2303 1602 2382 lieri
1629 2304 1672 2381 ab
1688 2301 1764 2380 istis

91 2397 501 2518 inquisitoribusmiror.
552 2405 780 2487 Subsistemus
795 2408 917 2512 itaque
930 2407 969 2486 in
984 2404 1142 2510 generali
1156 2406 1214 2489 illa
1226 2405 1411 2507 sententia,
1426 2408 1547 2486 lunam
1562 2412 1621 2483 vei
1636 2405 1763 2489 solam.

92 2507 152 2586 vel
168 2529 271 2584 terrae
286 2506 454 2601 lundam,
470 2508 508 2587 dr
521 2534 605 2588 cum
622 2535 662 2588 ea
677 2517 718 2588 in
733 2534 836 2592 motu
852 2508 1199 2614 communicantem,
1216 2511 1347 2590 horum
1361 2506 1660 2589 astuumcausam
1676 2503 1762 2604 elie,

92 2607 211 2704 secuti
225 2607 368 2702 interim
383 2611 430 2688 de
446 2611 652 2716 specialibus
666 2612 745 2708 illis,
762 2639 878 2732 usque
895 2614 984 2692 dum
1003 2613 1110 2716 longa
1124 2611 1215 2710 dies,
1229 2609 1478 2790 &persedior
1502 2611 1669 2730 cognitio
1692 2633 1761 2691 eo.-

92 2737 186 2808 rum,
200 2734 381 2790 accuratas
394 2713 723 2794 demonstrationes
737 2714 1049 2797 manifestaverint.
1101 2715 1216 2814 Nam,
1227 2738 1273 2792 ve
1301 2713 1760 2812 illis,utman1fesl1scau⁴

91 2815 148 2907 fis,
161 2811 436 2896 adscribendum
452 2815 505 2894 est
520 2816 594 2894 hoc
609 2817 900 2921 phaenomenon,
915 2814 1033 2893 vel‘ad
1058 2815 1245 2915 qualitates
1265 2815 1437 2916 quasdam
1459 2817 1665 2902 cosniero
1689 2821 1764 2900 noe
1875 2855 1885 2882 *-

90 2915 148 2996 bis
168 2915 395 3018 incognitas,
414 2917 690 2998 recurrendum:
754 2921 903 3008 Utinam
926 2917 1114 3022 superesset
1134 2915 1301 3020 Epistola,
1314 2939 1423 3018 quam
1441 2915 1546 3023 super
1562 2920 1639 2998 hoc
1652 2941 1758 3020 argu·

91 3041 220 3099 mento
236 3015 366 3122 scripfit
381 3023 483 3100 Pater
497 3021 622 3100 Paulus
638 3021 800 3126 Sarpius,
820 3019 858 3098 dr
882 3017 975 3100 adeo
996 3018 1170 3099 defiderat
1190 3019 1352 3121 Scriptot
1372 3031 1446 3096 orta
1476 3029 1544 3118 ejur
1558 3044 1669 3125 ppt.
1696 3047 1757 3114 155.

89 3126 175 3198 Edit.
192 3125 270 3196 ml.
323 3121 437 3228 Qod
453 3107 568 3201 Voffil
591 3121 804 3204 sententiam
825 3123 971 3218 attinet,
986 3121 1052 3224 qui
1071 3121 1110 3199 in
1131 3119 1215 3206 soie
1237 3119 1373 3202 causam
1394 3119 1542 3200 cestuum
1563 3126 1692 3226 ponit,
1711 3141 1758 3198 ea

91 3247 168 3305 non
199 3223 254 3301 est
285 3246 382 3303 nora
413 3221 488 3319 eius
519 3225 663 3328 opinio,
694 3225 757 3305 sed
789 3248 873 3306 ante
898 3225 997 3304 illum
1050 3223 1161 3302 tolixe
1186 3223 1326 3304 Thom.
1354 3223 1603 3326 campanella,
1623 3234 1660 3297 in
1677 3229 1757 3316 Dig-
1805 3303 1810 3308 ,

89 3326 563 3510 guntiopilmdppystologiciq
586 3333 685 3435 quest.
710 3349 756 3410 ιο.
782 3339 856 3407 nt.
871 3358 908 3426 5·
930 3343 1002 3433 pro
1017 3251 1092 3408 dle
1107 3332 1302 3433 pugnavit,
1321 3352 1363 3409 ac
1378 3325 1518 3408 Galilaei
1541 3321 1757 3426 objecitque

114 3454 154 3510 us
167 3453 204 3508 re
218 3451 295 3531 pon
1365 3483 1372 3490 .
1545 3492 1549 3501 ,
1734 3457 1741 3466 ·

184 3633 278 3712 Sunt
294 3601 402 3714 &alii
415 3656 538 3716 motus
552 3633 670 3734 maris,
686 3661 705 3714 a
721 3581 980 3738 septentrione
991 3633 1043 3714 ad
1051 3627 1239 3732 dullum,
1254 3632 1297 3717 ab
1314 3591 1753 3739 AustroadSeptentn'o·
1778 3661 1788 3674 ⁸

91 3759 186 3822 nem,
198 3733 246 3812 ab
260 3741 358 3816 Ortu
373 3738 412 3814 in
428 3736 623 3838 Occasum,
636 3737 680 3815 ab
696 3735 840 3818 Occasu
854 3735 894 3817 in
908 3737 1057 3836 Ortum,
1072 3737 1119 3818 de
1134 3735 1263 3844 quibus
1276 3735 1424 3822 volnus·
1438 3735 1599 3844 pluribus
1614 3735 1696 3842 agit,
1711 3733 1754 3819 dt

41 3961 46 3968 ι
91 3839 230 3918 Honor.
242 3835 348 3922 Fabri
359 3845 420 3918 loco
431 3853 544 3950 cituco,
556 3841 682 3948 propoſs
693 3869 752 3917 ιοι.
1092 3847 1099 3859 “
1174 3849 1176 3855 ’
1660 3859 1662 3869 ¹
1730 3867 1755 3956 Ἰ
1845 3895 1851 3905 -

182 4041 387 4126 Emoribus
402 4041 566 4130 marium,
583 4041 609 4122 si
621 4041 725 4141 solito
742 4037 880 4125 suerint
894 4035 1059 4142 maiores,
1072 4039 1333 4127 inuridationes
1355 4039 1542 4140 oriuntur,
1559 4030 1655 4148 ¹quas
1670 4041 1747 4124 ve·-
1791 4085 1815 4157 ς

91 4141 252 4222 rulamius
268 4142 398 4247 pocula
415 4143 531 4221 lethea
548 4145 694 4246 humani
718 4145 858 4249 generis
881 4159 999 4228 vocat.
1051 4146 1119 4228 Eas
1141 4150 1251 4230 obtin
1271 4167 1332 4225 ere
1355 4167 1620 4250 nonuunquam
1648 4151 1752 4229 vide·
1896 4153 1897 4156 ‘

91 4271 175 4338 mua,
189 4259 236 4323 a'n
251 4242 404 4339 casu,au
421 4242 639 4326 successione
654 4249 767 4353 aliqua
791 4247 996 4351 periodica,
1010 4267 1090 4329 non
1112 4249 1217 4330 facile
1238 4167 1380 4330 definiri
1394 4249 1532 4350 potest3
1559 4270 1753 4334 nammon
1892 4245 1895 4254 ’

90 4347 163 4428 sunt
176 4346 343 4426 omnium
358 4347 640 4428 inundationum
656 4373 829 4431 accurate
836 4350 993 4430 historic
1002 4352 1208 4448 observatae,
1215 4377 1287 4430 nec
1301 4349 1482 4430 observari
1497 4352 1593 4432 reue
1600 4355 1751 4459 poliunt

90 4447 361 4548 abdominibus,
375 4449 416 4527 in
427 4471 593 4547 extremo
617 4453 784 4554 periculo
804 4453 1032 4552 constitutis,
1046 4477 1155 4558 quate
1176 4461 1217 4532 in
1240 4452 1308 4532 iilis
1332 4452 1421 4542 nillil
1442 4451 1604 4546 ‚delinire
1629 4457 1751 4560 pollu-
1793 4453 1801 4548 j

89 4579 176 4668 mus..
214 4549 432 4657 ‚iserosmile
455 4554 519 4646 est,
537 4543 608 4634 ilias
624 4547 868 4648 interdum‚fi
889 4573 968 4656 riori
989 4550 1057 4636 smt
1076 4549 1276 4638 admodum
1297 4571 1453 4660 magne,
1469 4551 1558 4634 oriri
1572 4579 1620 4637 ex
1633 4561 1749 4640 nimia

89 4649 333 4766 pluviarum&
347 4653 493 4766 niuiuru
511 4653 622 4754 mole,
640 4655 913 4764 tempestatibus
933 4657 983 4752 di,
994 4659 1164 4776 procellis
1200 4658 1371 4759 insolitis,
1384 4679 1690 4845 nonnunquamlia
1705 4671 1749 4742 vi

1625 4790 1748 4870 aqua
