3964 5218
1939 132 1942 198 l

1941 207 1942 266 l

242 185 333 356 ¹396
498 263 550 376 ’ἢ
629 177 633 194 Ι
709 239 1097 360 1’olyuist.Piilosopl.
1129 249 1207 328 Lib.
1234 246 1280 328 ss.
1305 249 1503 345 Patala

263 446 412 527 quoque
425 445 503 502 etat
521 420 706 500 Trasittttm
720 421 759 495 de
772 424 928 498 Sacchuo
941 420 986 499 &⁴
1001 427 1123 496 Manna
1143 419 1199 498 Cl.
1220 418 1419 519 Salmastus,
1444 416 1531 497 teste
1545 417 1651 506 Laur.
1666 417 1793 499 Crasso
1810 425 1909 497 iniit·

259 537 322 629 gris
334 531 492 600 homimem
505 531 732 609 literatorum,
762 529 848 596 Tom.
862 527 903 598 Is.
920 547 1008 628 porr.
1025 529 1083 596 ΙΙΙ.
1135 523 1215 626 Qui
1233 545 1352 624 nuper
1372 521 1523 596 demum
1537 522 1728 624 Ultrsjest't
1751 523 1799 600 A.
1817 533 1909 621 ¹⁶89·

262 631 364 724 insol
385 625 502 704 editus
516 621 567 702 est
592 628 629 700 in
645 622 866 726 Appendice
886 625 1062 700 Soliniani
1078 621 1345 700 Commentarii
1366 619 1569 714 novissimae
1589 625 1779 704 editionis:
1833 626 1909 702 Scri·

289 729 332 805 lit
347 730 454 804 etiam
468 728 507 800 aa
521 732 644 800 Meam
664 721 708 801 ὅ
722 725 880 822 Succharo
901 723 1059 815 Libellos
1081 725 1278 828 peculiares
1300 723 1387 800 Ant.
1403 718 1719 830 Deustngius,sad
1740 727 1790 824 is,
1815 749 1909 803 more

261 755 348 928 dio,
372 828 495 905 Locos
510 822 741 918 Commtines
758 827 881 926 potius
896 846 1105 924 coacervat,
1126 847 1236 922 quam
1261 825 1529 926 experimenta,
1552 847 1612 901 aut
1631 824 1767 926 aliquid
1786 824 1833 902 de
1845 825 1908 924 suo,
1943 833 1944 920 j

108 1010 112 1014 ,
262 927 377 1007 affert.
476 931 527 1002 De
546 927 696 1004 Sacciui
715 919 758 1002 Εἴ
785 935 859 1002 aare
881 935 1091 1002 momentu
1117 925 1185 1002 Tr.
1213 921 1329 1003 edidit
1357 923 1441 1024 Jon
1473 924 1654 1028 Tackius,
1689 923 1792 1004 Pros.
1819 926 1907 1004 Med.

115 1073 118 1083 ·
215 1035 219 1040 '
267 1027 470 1106 Giessenus.
1530 1073 1555 1122 ,·

200 1249 226 1322 9
364 1229 589 1328 lateraquea
604 1226 897 1311 Mateoraetiam
916 1226 1187 1305 Nixreferenda
1205 1225 1263 1304 est.
1314 1223 1504 1306 Estautern
1523 1227 1580 1306 ilia
1593 1203 1758 1330 vaporis,
1783 1249 1905 1330 non,ut

261 1325 418 1408 Honor.
430 1330 538 1407 Fabri
552 1329 642 1425 vult,
667 1328 838 1430 quaedam
851 1327 1004 1431 spuma,
1024 1327 1084 1404 sed
1099 1331 1222 1431 potius
1243 1331 1452 1432 ipsevapor
1474 1331 1696 1432 congelatus.
1749 1329 1906 1430 Namque

178 1481 196 1516 e
263 1431 379 1509 nubes
396 1453 542 1530 rorans,
566 1426 751 1507 subitaneo
766 1427 907 1532 frigore
928 1451 1120 1532 correpta,
1146 1455 1192 1506 eo
1204 1429 1329 1507 modo
1351 1429 1583 1534 congelatur,
1604 1451 1646 1508 ut
1661 1433 1699 1506 in
1721 1433 1809 1510 nive
1822 1431 1905 1507 vide

239 1624 243 1635 .
262 1555 354 1612 mue.
407 1531 598 1640 Quoniam
613 1533 710 1608 enim
723 1531 908 1631 particula
925 1529 1094 1608 humoris
1113 1555 1190 1608 non
1204 1529 1284 1608 sunt
1299 1533 1429 1631 uniter,
1458 1529 1522 1606 sed
1537 1533 1584 1608 ita
1599 1529 1786 1634 dispersae,
1816 1530 1883 1609 urs
1895 1575 1904 1588 ·
1945 1528 1946 1620 l

222 1615 230 1641 ‘
261 1625 418 1710 lent‘esse
436 1639 474 1709 in
492 1630 713 1738 vaporibus,
732 1630 816 1732 ideo
838 1627 955 1708 statim
975 1629 1113 1734 frigor,
1137 1655 1321 1734 occupans
1345 1631 1553 1732 particulas,
1581 1634 1619 1708 in
1633 1635 1776 1726 multos¹
1790 1632 1904 1736 globu-
1945 1649 1946 1734 j

128 1761 132 1767 ·
263 1733 319 1808 los
336 1735 502 1836 glaciales
520 1756 577 1810 eas
592 1733 794 1832 convertit,
817 1756 901 1832 quae
917 1729 1049 1808 deinde
1066 1727 1131 1806 fibi
1145 1731 1328 1835 opposttae
1347 1733 1462 1832 varias
1478 1727 1616 1828 fionius
1631 1729 1842 1833 sortiuntur,
1858 1733 1903 1808 vel

245 1829 465 1932 deltarum,
485 1836 531 1912 ita
549 1854 590 1910 ut
609 1829 740 1934 singuli
755 1829 846 1910 radii
864 1831 963 1930 quast
977 1831 1208 1932 arborescere
1227 1833 1447 1932 videantur,
1459 1799 1529 1930 :uel
1540 1829 1812 1935 sphaerularum,
1826 1839 1903 1910 inter

264 1957 352 2032 quas
366 1931 447 2036 sunt
458 1933 589 2033 aliquae
602 1929 712 2008 seinis
731 1931 891 2031 barula,
917 1936 1019 2034 coni,
1038 1933 1215 2032 cylindri,
1240 1931 1902 2032 quaeontniaa'diverststtrrbinatiotti·

263 2033 332 2136 bus
349 2035 439 2113 oriri
454 2033 671 2111 Honoratus
720 2031 800 2108 abri
812 2033 877 2132 ait,
894 2058 982 2132 quas
1001 2035 1060 2110 vel
1078 2029 1260 2111 admixtus
1286 2036 1443 2129 halitus,
1468 2036 1529 2111 vel
1553 2056 1698 2134 ventae,
1711 2037 1899 2139 imprimit.
1946 2009 1947 2074 l

264 2133 410 2212 Totum
427 2136 526 2215 enim
547 2133 637 2211 castri
651 2132 887 2211 tribuendum
901 2131 969 2212 elle
990 2135 1064 2215 hoc
1084 2131 1270 2224 existimat.
1319 2133 1462 2237 Spicula
1483 2155 1607 2212 autem
1627 2135 1747 2238 rigida
1766 2139 1802 2217 in
1821 2125 1901 2232 nive,

132 2317 134 2320 ,
264 2235 580 2333 quemadmodum
596 2235 634 2312 dt
652 2236 696 2338 in
712 2236 862 2350 pruina,
900 2233 938 2312 ἃ
952 2235 1045 2312 radii
1061 2236 1111 2318 illi
1130 2233 1418 2335 arborescentes,
1456 2233 1609 2312 eandem
1630 2235 1770 2315 causam
1788 2236 1901 2314 habent

112 2407 121 2426 ..
190 2432 194 2441 ἱ
253 2361 345 2414 -cum
367 2337 526 2436 qualibet
550 2336 831 2510 conputatione,
852 2332 997 2437 semper
1018 2337 1136 2434 enim,
1156 2336 1220 2412 ubi
1241 2335 1380 2414 humor
1396 2337 1516 2412 rarior
1534 2333 1608 2435 eli,
1634 2337 1704 2416 ¹vel·
1720 2335 1901 2442 superficiei

134 2529 137 2534 Ι
263 2433 404 2537 affusus,
424 2461 466 2514 ut
481 2440 518 2514 in
535 2435 618 2515 fene
650 2438 723 2535 tis,
763 2435 932 2530 videmus
956 2438 995 2510 in
1015 2435 1283 2513 variossradios
1303 2432 1422 2526 abiisse
1450 2439 1670 2528 materiam„
1701 2435 1800 2516 Cum
1820 2440 1899 2512 enirn

263 2536 459 2620 fluxus-ille
476 2563 581 2638 aque
596 2533 888 2638 fistittu„partes
909 2535 973 2614 abs
992 2533 1028 2610 se
1048 2531 1259 2635 discedunt,
1300 2557 1455 2634 quarum
1476 2539 1699 2641 contiguitas
1728 2537 1774 2615 de
1798 2558 1901 2616 natura

133 2680 137 2692 »
263 2637 385 2714 fluxus
401 2661 486 2715 erat.
553 2632 881 2722 Abscedentibusa
900 2633 935 2711 se
954 2635 1136 2740 partibus,
1158 2659 1242 2712 cum
1264 2659 1386 2712 tamen
1402 2635 1541 2724 humor
1558 2640 1681 2716 omnis
1708 2637 1815 2716 resiis
1831 2661 1899 2714 cott-

262 2737 331 2818 stet
350 2739 546 2841 particulis,
569 2733 801 2840 stbijuniiis,
827 2737 866 2812 in
880 2735 1196 2836 resinaquosdam
1209 2736 1376 2815 ramos&
1391 2735 1514 2815 radios
1530 2737 1669 2832 humor
1686 2738 1898 2818 videtnr'dis·
1948 2781 1949 2806 t

262 2841 403 2920 cedere.
453 2840 558 2958 Saepe
583 2840 691 2916 etiam
704 2861 857 2938 ventus,
882 2863 955 2939 pro
973 2841 1113 2916 ratione
1129 2836 1250 2940 pulsus
1268 2836 1318 2914 sui
1333 2837 1372 2918 ἃ
1396 2835 1518 2917 fluxus
1540 2835 1829 2918 fibicoextendit
1847 2837 1898 2912 bu·

261 2965 428 3041 morem,
453 2941 491 3020 bt
508 2968 545 3017 tn
559 2938 633 3042 ipsa
646 2935 903 3016 coextensrone
925 2939 1027 3016 illum
1045 2937 1126 3040 figit
1141 2941 1179 3014 in
1191 2939 1355 3040 glaciem.
1427 2938 1523 3016 Haec
1540 2939 1665 3018 omnia
1679 2941 1846 3044 explicari
1864 2937 1899 3012 sa·

263 3045 309 3121 tis
332 3042 532 3120 commode
546 3037 709 3144 possunt,
804 3037 922 3142 Quod
943 3063 1038 3116 vero
1057 3040 1288 3141 hexagonum
1308 3040 1403 3140 illam
1426 3036 1585 3144 figuram
1608 3043 1759 3141 attinet,
1808 3041 1896 3122 uria

261 3151 350 3232 nive
363 3143 603 3246 conspicitur,
635 3137 791 3248 mirabili
810 3141 870 3215 illa
890 3141 1063 3244 varietate
1081 3135 1282 3244 ludentem,
1306 3138 1344 3215 id
1366 3141 1455 3218 tanti
1475 3165 1552 3218 non
1569 3141 1637 3218 elle
1652 3163 1759 3245 putat
1811 3138 1897 3218 cinot.

230 3333 237 3342 ,
260 3245 382 3344 Fabri,
395 3269 481 3322 cum
496 3265 618 3320 tamen
631 3265 707 3344 ego
722 3241 872 3319 maximi
887 3239 1133 3320 remeabam
1148 3242 1337 3318 momenti.
1387 3239 1670 3319 Verostmillima
1680 3245 1738 3338 illa
1752 3246 1836 3320 ratio
1846 3235 1894 3335 eil,

264 3343 381 3448 quod,
395 3369 482 3422 cum
526 3341 670 3430 utlibet
682 3362 786 3459 gutta
799 3339 1011 3444 sphericum
1023 3339 1220 3448 figuramr
1270 3339 1448 3443 raesentet,
1473 3346 1513 3420 in
1528 3346 1632 3422 omni
1646 3359 1768 3422 autem
1783 3363 1895 3444 conge·

114 3495 117 3498 -
263 3449 400 3526 latione
416 3445 477 3524 liat
489 3370 763 3546 discontigtntrs
780 3446 963 3546 partium,
988 3443 1047 3520 illa
1065 3463 1187 3535 autem
1203 3441 1242 3520 su
1267 3445 1324 3522 ito
1339 3447 1549 3548 contingat,
1574 3443 1612 3522 dr
1632 3447 1813 3546 aqualiter
1830 3455 1895 3544 pre·

163 3547 169 3570 ¹
262 3571 338 3626 mat
358 3547 545 3652 globulos,
574 3541 766 3622 necessario
789 3542 964 3646 spherica
985 3543 1041 3619 illa
1061 3540 1180 3647 figura
1193 3541 1453 3622 discontinuata
1466 3543 1541 3624 abit
1568 3547 1605 3622 in
1629 3547 1754 3624 tamos'
1773 3545 1893 3641 aliquos

238 3651 391 3754 figurae
405 3647 590 3750 sphaericae
602 3667 676 3746 pro
706 3643 935 3722 animales.-
965 3641 1131 3720 Primum
1149 3645 1248 3726 enim
1263 3667 1310 3720 ex
1322 3645 1479 3750 globulo
1496 3643 1540 3722 fit
1558 3645 1725 3748 planities
1746 3637 1893 3736 rotunda,

231 3823 235 3834 ,
290 3747 444 3836 reffione
457 3669 869 3848 enimeorpud'culorum
912 3742 1085 3826 lacialiut'n
1102 3745 1355 3846 complanatur
1366 3744 1505 3848 sphaera
1516 3741 1892 3826 inorbemrotundum.

261 3780 321 3932 ἓο
340 3851 587 3952 complanato,
612 3842 833 3950 comportes
846 3871 866 3924 a
879 3769 914 3923 se
929 3844 1153 3923 divelluntur
1166 3847 1362 3946 equaliter,
1387 3851 1435 3922 ita
1449 3869 1490 3924 ut
1503 3869 1666 3926 accurro
1686 3839 1893 3954 yersuspeti·

261 3955 428 4058 pheriam
443 3951 632 4056 signentur
649 3949 699 4024 illi
711 3949 851 4026 ramuli.
869 4023 873 4030 ,
899 3945 963 4024 Est
980 3968 1100 4026 tamen
1113 3969 1171 4022 res
1186 3970 1223 4022 tn
1274 3971 1330 4046 nae
1345 3949 1544 4047 rnul'taeque
1557 3947 1803 4050 speculationis
1818 3943 1891 4018 mira

261 4055 319 4133 illa
332 4053 536 4130 formatum
559 4053 710 4128 varietas
727 4047 767 4128 ἃ
782 4047 900 4166 figura
917 4043 1065 4152 precise
1080 4045 1240 4151 sexangu
1252 4049 1340 4125 aris:
1371 4071 1455 4124 nam
1475 4073 1520 4124 ex
1542 4052 1683 4126 ratione
1696 4049 1791 4126 allata
1805 4063 1892 4146 pote·

264 4176 320 4234 rat
342 4159 380 4232 in
403 4155 525 4256 plures
547 4153 655 4230 lineas
678 4148 826 4252 dispesci
843 4149 1016 4254 globulus
1047 4148 1117 4227 ille.
1214 4143 1301 4224 Vid.
1326 4145 1495 4227 Erasmus
1513 4147 1745 4228 Bartholinus
1766 4148 1802 4220 in
1828 4145 1892 4253 fing-

264 4257 388 4359 Differt.
408 4258 446 4328 de
451 4253 560 4359 figura
581 4261 676 4339 nivis,
701 4257 802 4354 (quae
817 4249 971 4328 secunda
987 4247 1086 4326 estin
1101 4253 1182 4350 Q.
1206 4250 1325 4350 Accad,
1339 4250 1377 4322 de
1399 4255 1529 4325 Natura
1542 4249 1765 4342 mirabilibus),
1785 4243 1894 4322 &elih-

171 4375 174 4382 ’
259 4355 486 4464 gentillimus
502 4359 723 4433 minutarum
738 4376 876 4432 naturae
888 4373 1012 4426 rerum
1025 4347 1212 4450 scrutator,
1231 4347 1326 4432 Rob.
1341 4349 1534 4451 Hookius,
1553 4349 1891 4454 t'th'cr'ograpiitptg.

262 4478 310 4542 aa.
335 4461 398 4535 ubi
414 4460 571 4566 eleganti
591 4459 766 4558 practerea
787 4449 957 4551 discursu,
980 4447 1139 4554 &plane
1153 4449 1436 4553 Mathematici),
1472 4449 1620 4529 illustrat
1642 4447 1890 4530 sexanrularem

251 4560 358 4640 allam
374 4558 795 4670 congelandirationem
804 4612 816 4655 ,
839 4553 922 4655 quae
938 4572 1035 4632 certe
1050 4549 1150 4663 ³d⁹⁰t
1160 4571 1321 4632 accurata
1337 4549 1406 4657 est,
1430 4547 1578 4657 tamque
1592 4548 1723 4645 affabre
1735 4517 1890 4720 58¹,AE

720 4689 730 4710 ,
798 4687 801 4692 -
1181 4681 1185 4686 -
1440 4691 1455 4702 ,
1762 4719 1766 4728 .
1807 4669 1833 4738 μ
