3876 5234
507 275 586 380 cap.
610 279 706 412 ιιιιι.
722 281 779 364 ue
793 277 1035 392 omittantur
1048 279 1198 368 caasa
1467 403 1469 407 ι
1627 275 1697 378 ³9³

142 477 397 568 tatecmpartmn
423 429 547 564 magica
568 473 695 566 patius,
720 491 817 566 quam
840 468 1002 550 naturali,
1026 492 1049 536 a
1068 465 1146 562 Jah.
1174 465 1476 564 Emaartrggraoa
1512 471 1624 564 inepte·
1642 464 1696 534 ck·
1827 462 1841 476 ”

132 567 244 668 scnfir,
267 595 289 638 a
310 563 407 640 Gabr:
419 567 552 638 Natrdaec
566 585 671 638 aurem
703 587 846 660 erperam
866 587 998 664 negata,
1022 591 1077 636 nec
1092 590 1153 636 non
1171 564 1210 636 dc
1231 564 1425 661 Imaginibus
1450 567 1692 654 Talismanicr's,

137 673 318 770 illarumque
348 663 579 768 Hyperaststc‚
607 669 683 762 βαι.
698 668 881 759 Gaffartlla‚
905 667 945 744 {s
951 658 952 662 ¹
953 665 1095 765 gladiis,
1120 667 1264 768 (qualem
1279 667 1363 758 Gnsl.
1386 663 1513 764 Adolpl.
1534 671 1573 737 lc
1601 671 1687 744 Sacc,

135 768 442 866 babuiffefingltur)
458 691 519 861 βό
539 787 628 839 terta
648 768 867 859 constellatione
892 767 1047 864 tonscdllc
1109 782 1149 844 -8.
1174 771 1222 838 Dc
1243 762 1390 868 Fasciaa,
1413 765 1501 866 quod
1523 791 1687 863 argaman⁴

136 891 203 942 tum
219 873 268 970 ff.
283 861 318 942 C.
333 873 558 942 Frammannus
571 869 750 959 illustravit.
820 895 852 960 9.
879 873 927 939 Dc
953 871 1090 966 Virgttla
1111 867 1235 956 diosna,
1259 867 1464 940 Metellorum
1481 866 1594 938 Indica.
1646 895 1684 940 ιο.

135 970 570 1071 Dchoet'patblt'sgcneralia
584 968 742 1070 quadam,
768 969 809 1046 ω’
827 965 1035 1068 specialioris
1057 965 1146 1060 Casei
1178 965 1399 1062 alucrsationc,
1432 964 1685 1068 Cadaunumquc

134 1079 355 1265 nqemaqtg'ont.
431 1096 467 1142 ιι.
494 1073 582 1143 Vera
606 1072 789 1168 dualitates
814 1071 931 1142 tcntlta
947 1065 1047 1166 fiant,
1071 1094 1137 1170 quc
1160 1067 1295 1144 Ιικιηιιιιο
1323 1077 1448 1171 ingenio
1464 1067 1544 1165 stmt
1569 1081 1686 1174 imper·

131 1197 166 1244 ue
188 1196 227 1270 tg
264 1195 330 1244 tes.
913 1223 917 1228 -

221 1557 486 1638 argumentum,
499 1539 547 1618 de
561 1541 689 1641 quibus
704 1543 812 1620 multa
831 1543 904 1620 dici
923 1541 1087 1647 possuntt
1112 1547 1170 1622 Ea
1185 1569 1273 1624 vero
1289 1545 1403 1649 perse
1418 1571 1440 1622 e
1456 1543 1608 1645 Phystcis
1619 1542 1686 1619 eli·

221 1641 399 1720 minanda
413 1638 509 1744 sunt:
538 1641 627 1741 quid
642 1639 740 1718 enim
755 1643 805 1719 rei
820 1668 905 1722 cum
920 1643 1151 1746 qualitatibus
1173 1647 1329 1725 occultis
1351 1646 1404 1724 est
1420 1644 1585 1731 scientiae,
1603 1667 1687 1820 qua
1744 1679 1772 1714 ·.

201 1741 333 1836 ,dooet
346 1766 423 1818 rem
437 1767 502 1844 per
517 1742 635 1820 causas
663 1741 895 1844 cognoscere.
945 1748 1022 1824 Aut
1042 1745 1163 1850 itaque
1185 1773 1264 1829 non
1286 1747 1340 1825 cst
1359 1746 1505 1847 scientia
1525 1747 1599 1846 Plry

41 1867 181 1924 autnon
196 1843 310 1921 ducet
324 1865 400 1920 cern
414 1867 480 1945 per
494 1841 610 1922 causas
624 1843 856 1944 cognoscere,
871 1844 893 1923 sr
908 1845 1137 1947 qualitatibus
1156 1849 1308 1928 occultis
1323 1849 1426 1927 lucus
1441 1847 1502 1926 est.
1522 1845 1687 1948 Phyfices

41 1946 100 2030 scil
113 1952 303 2050 negotium
312 1943 376 2046 au,
383 1941 666 2036 urdemonsttet,
681 1945 791 2024 inesse
804 1943 1011 2032 affediones
1025 1953 1144 2042 rebus,
1158 1949 1267 2052 idque
1289 1976 1356 2051 per
1369 1946 1487 2027 causas
1499 1946 1609 2025 debet
1617 1943 1685 2025 'sa-

42 2074 122 2131 cere.
142 2051 223 2144 Jam
233 2063 352 2124 autem
361 2044 546 2222 qualitates
561 2043 714 2124 occulta
730 2043 808 2125 sunt
829 2073 907 2126 non
924 2050 1046 2140 Entia,
1061 2051 1151 2130 nihil
1167 2054 1265 2130 enim
1281 2049 1341 2127 illo
1356 2055 1516 2130 termino
1531 2047 1686 2137 diciturc

43 1411 402 1774 Venarum
420 1432 811 1541 ovacrraras
836 1435 1179 1538 occurras,
1194 1383 1684 1544 vexattnaumrryacomm
1726 1455 1745 1510 1
1842 1541 1844 1546 ¹

1613 1770 1686 1840 ica,

41 2175 135 2250 quare
142 2147 283 2226 ridiculi
298 2170 367 2250 pto
385 2143 466 2224 cuo
481 2143 575 2233 sunt,
591 2145 655 2249 qui
669 2146 803 2224 causam
818 2149 962 2245 alicujus
985 2147 1183 2230 alsedionis
1204 2151 1336 2254 rogati,
1355 2148 1523 2252 qualitate
1539 2148 1685 2225 occulta

39 2276 95 2328 nos
108 2247 416 2348 absolvunt,quod
433 2245 529 2322 idem
543 2247 606 2339 est,
620 2271 662 2322 ac
677 2246 700 2324 sr
715 2248 849 2348 dicant,
865 2258 1030 2350 ignorare
1046 2251 1079 2328 se
1093 2253 1168 2348 ejus
1184 2254 1237 2330 rei
1253 2251 1402 2328 causam.
1425 2248 1625 2326 Terminus
1640 2247 1687 2352 il-v

39 2353 66 2428 le
77 2353 190 2453 itaque
204 2350 268 2440 est,
283 2374 367 2426 cum
381 2347 502 2424 multis
517 2348 588 2424 aliis
603 2346 763 2442 ejusdem
779 2349 911 2442 farina,
927 2350 1183 2450 Magnetismis,
1199 2349 1431 2454 Antipathiis,
1445 2351 1686 2452 Sympathiis3

41 2452 96 2531 &c
110 2451 316 2550 modestum
325 2451 534 2551 ignorantia
547 2447 849 2528 obvelamcntum.
872 2451 987 2554 Quod
1002 2475 1088 2532 cum
1103 2453 1208 2548 dico,
1222 2452 1339 2530 saltem
1355 2474 1421 2531 cos
1436 2449 1682 2554 reprehendo,

40 2555 89 2656 qui
102 2580 172 2656 pro
188 2550 296 2630 causis
314 2549 572 2628 lros'terminos
592 2548 764 2650 allegant,
783 2551 863 2628 illos
885 2577 976 2632 vcro
996 2554 1101 2657 plane
1117 2579 1195 2632 non
1216 2549 1448 2657 reprehendo
1461 2607 1475 2642 ‚
1488 2550 1553 2654 qui
1568 2549 1682 2633 inesse

39 2655 124 2751 ajunt
132 2652 350 2758 corporibus
365 2651 566 2752 qualitates,
587 2676 674 2752 quas
697 2649 856 2752 perfedle
878 2653 1099 2756 cognoscere
1136 2679 1215 2735 non
1239 2654 1440 2756 possumne,
1461 2677 1567 2754 atque
1592 2651 1682 2729 ideo
1802 2737 1807 2754 ¹
1901 2721 1905 2728 ,

39 2783 143 2835 revera
158 2753 333 2847 occultas,
347 2777 434 2854 quas
452 2776 583 2853 negare
597 2752 690 2828 velle
703 2752 846 2830 summa
859 2755 945 2832 esset
968 2755 1203 2859 impudentiae
1221 2757 1258 2832 ἃ
1277 2754 1495 2854 arrogantiae.
1547 2755 1592 2830 Et
1606 2779 1680 2856 ego

39 2857 167 2960 quidem
183 2859 284 2934 hunc
298 2855 501 2956 magistrum
518 2851 681 2942 viderim,
698 2853 761 2954 qui
776 2853 941 2932 omnimn
957 2858 1074 2934 cauas
1098 2855 1298 2934 manifestas
1322 2856 1407 2932 dare
1422 2854 1456 2932 se
1470 2850 1570 2958 posse
1586 2879 1680 2932 con·

39 2959 121 3042 fidat.
169 2954 339 3038 Fortassis
351 2953 456 3032 nobis
467 2953 547 3034 sunt
556 2954 677 3056 plures
692 2953 1052 3056 qualitatesoccultae,
1066 2956 1329 3058 quamcredant
1342 2953 1450 3056 aliqui
1459 2957 1601 3055 Lyncei
1614 2981 1681 3034 na·
1801 3007 1817 3018 -

39 3081 109 3138 turc
123 3057 388 3164 Speculatores,
401 3053 465 3157 qui
480 3056 520 3133 in
534 3077 697 3132 extremo
712 3057 860 3136 tandem
877 3055 1063 3152 deficiunt,
1078 3058 1114 3135 δι
1128 3055 1312 3138 universali
1326 3054 1442 3158 aliqua
1457 3055 1558 3135 causa
1572 3055 1679 3158 igno·
1708 3121 1710 3133 .

38 3161 168 3240 tantiam
184 3157 281 3240 suam
296 3156 438 3241 salvans.
488 3156 684 3235 Cartesani
698 3157 737 3258 in
749 3165 898 3238 materia
911 3156 1026 3240 subtili
1041 3157 1334 3238 vexatilsrmarum
1343 3155 1577 3262 questionum
1587 3156 1680 3238 essu·

39 3264 119 3363 glum
132 3261 340 3352 inveniunt,
355 3257 464 3362 aliqui
480 3258 519 3334 in
535 3259 687 3336 Archaeo
708 3262 866 3362 quodam
875 3257 1062 3340 universali
1075 3261 1138 3340 aut
1152 3260 1273 3364 spiritu
1283 3260 1422 3351 mundi,
1431 3257 1537 3358 aliqui
1545 3257 1590 3335 ad
1599 3261 1677 3336 De-

39 3388 87 3441 un
108 3363 220 3465 ipsum
228 3384 429 3464 recurrunt,
440 3385 549 3462 quem
559 3359 614 3436 vel
631 3359 783 3439 sormam
798 3388 916 3442 rerum
932 3363 1191 3442 informantem
1207 3361 1365 3461 sscitant,
1381 3359 1438 3448 vel
1453 3361 1586 3462 aliquas
1602 3361 1688 3468 pri-¹

39 3461 271 3542 rasindidilse
285 3461 438 3564 materia
452 3483 577 3538 creatae
591 3485 659 3564 pro
686 3463 839 3556 rietates,
858 3463 1076 3556 existimat,
1090 3489 1170 3566 quae
1192 3463 1310 3541 adhuc
1327 3461 1414 3540 dum
1430 3461 1571 3542 durant.
1623 3469 1677 3542 lta
1819 3559 1821 3562 Ι

38 3565 190 3662 profesio
208 3565 272 3660 cll,
280 3581 321 3642 ut
329 3586 457 3641 omnes
465 3559 578 3639 ferme
587 3486 907 3663 quassatesultimo
915 3572 954 3642 in
963 3569 1123 3652 occultas
1134 3563 1240 3642 nobis
1249 3561 1427 3642 definant:
1449 3561 1679 3644 nemetiamli

38 3665 344 3745 abFlementoram
357 3662 631 3766 qualitatibusffi
649 3663 834 3748 torelsenc,
846 3667 1057 3770 quotvulgo
1074 3666 1222 3757 volunt)
1237 3665 1431 3743 manifestae
1448 3664 1582 3768 deduci
1649 3661 1679 3744 s·
1807 3689 1814 3700 ’

37 3765 110 3865 sent,
123 3794 176 3846 res
185 3787 345 3848 tamena
371 3789 416 3843 ue
424 3763 534 3842 dubia
549 3763 645 3856 eset,
653 3766 752 3844 unde
767 3765 951 3844 Elementa
959 3766 1038 3846 istas
1047 3765 1121 3845 suas
1129 3768 1311 3868 qualitates
1320 3763 1550 3868 polsrderent.
1575 3691 1677 3946 ἄξα-

38 3866 156 3963 litates,
173 3893 256 3970 qua:
277 3891 323 3944 ex
337 3791 479 3944 dqrvetso
504 3865 659 3942 materia
679 3866 828 3966 eiusque
851 3867 1100 3969 particularum
1116 3891 1221 3948 motu
1237 3867 1414 3964 oriuntur,
1429 3863 1467 3941 ἃ
1481 3865 1614 3948 manile
1646 3894 1678 3948 ae

38 3969 127 4046 uubis
141 3971 327 4051 dicuntur,
346 3965 369 4044 st
385 3965 555 4044 attentius
570 3966 769 4068 speculatus
789 3965 920 4060 ficetis,
933 3967 1045 4072 aliqua
1061 3969 1114 4049 sui
1127 3971 1228 4072 par‘te
1251 3988 1358 4046 erunt
1378 3972 1552 4059 occulta,
1576 3995 1675 4072 quae·

37 4069 105 4147 dam
119 4072 219 4148 enim
232 4093 278 4144 ex
291 4065 371 4166 illis,
386 4068 444 4146 vel
454 4067 508 4144 ad
522 4086 655 4144 certam
669 4085 790 4145 motus
806 4067 979 4171 speciem,
996 4070 1103 4149 nobis
1126 4071 1327 4174 cognitam,
1344 4067 1479 4148 deduci
1499 4069 1678 4177 nonpos·
1779 4077 1786 4088 '

37 4167 111 4264 sunt,
124 4172 181 4248 vel
198 4168 383 4247 occultum
406 4168 478 4265 est,
494 4167 585 4269 quid
604 4167 792 4272 particulas
814 4189 971 4262 moveat,
989 4195 1053 4248 cur
1066 4171 1139 4249 aliae
1168 4173 1315 4272 aliaque
1330 4169 1465 4266 species
1490 4171 1597 4252 alium
1624 4189 1678 4252 at·

38 4295 96 4372 que
113 4271 222 4350 alium
237 4269 493 4373 particularum
505 4289 646 4346 motum
660 4291 792 4362 ament,
807 4295 849 4347 ac
863 4271 964 4349 aliter
977 4271 1150 4374 aliterque
1163 4271 1459 4350 determinentur.
1509 4273 1677 4387 Ideoque

38 4370 237 4475 inplurimis
251 4371 297 4448 ad
313 4367 584 4460 ordinationem
596 4369 668 4452 Dei
681 4376 721 4446 in
736 4371 903 4472 primaeva
917 4374 1100 4452 creatione
1114 4371 1373 4452 recurrendum
1386 4373 1452 4474 est,
1466 4374 1584 4478 quod,
1597 4396 1676 4470 epus
1724 4452 1728 4467 ,

39 4471 292 4564 scdireslione,
307 4471 441 4574 species
456 4470 559 4548 variae
575 4471 647 4548 hoc
663 4469 719 4547 vel
733 4471 796 4572 illo
811 4471 925 4550 modo
939 4471 1154 4554 sonnenrur.
1205 4475 1376 4552 l’raeterec
1389 4476 1691 4578 multaquoque*
1789 4511 1792 4526 ·

39 4577 203 4672 qualitates
215 4572 351 4657 suntin
364 4589 499 4666 natura,
514 4597 595 4676 qua
607 4569 725 4653 seclus
739 4572 853 4655 nostri
868 4571 1291 4674 mensruam‘excedunt,
1305 4575 1355 4658 ob
1374 4573 1506 4675 objesli
1530 4573 1674 4662 vastita-

1595 4697 1675 4762 tem
