3908 5202
362 214 444 298 lib.
462 219 508 294 ll.
530 213 693 296 Pom.
743 209 803 289 De
822 209 1027 290 Prudentia
1041 213 1433 318 Civilis'srriptorilus.
1655 242 1729 320 499
1770 312 1775 321 ¹

167 387 254 464 Huc
273 409 425 485 quoque
439 381 575 460 referre
595 381 706 486 porus
720 381 1021 462 Aruorrsuor'euu
1034 387 1227 487 stuprare,
1253 401 1414 484 quorum
1427 381 1654 490 Rhapsodias'
1667 391 1726 466 ali-

75 513 157 592 quas
175 485 416 588 conscripsere
433 484 551 586 Greg.
568 484 760 560 Richterus
775 483 911 578 &Jott
925 483 1137 562 Chokierus
1152 494 1199 577 lin
1210 485 1525 588 ThesmroPolitico,)
1544 491 1606 588 qui
1614 487 1724 567 Richss
1790 483 1795 492 ’

74 615 151 668 tero
164 589 294 666 melior
307 583 367 662 eu
415 585 473 662 Ac
492 582 586 660 visus
604 581 655 660 est
670 581 835 686 Lipsrum
856 586 914 660 ille
933 587 1066 662 imitari
1081 583 1232 665 voluisse
1255 589 1293 660 in
1310 591 1463 680 Poliricis,
1500 593 1585 688 qui,
1610 615 1721 688 quan·
1797 644 1801 654 -

74 715 147 767 tum
163 687 207 766 ad
222 688 468 801 principatum
482 681 633 784 spectat,
659 709 705 762 ert
718 686 869 786 optimis
884 683 1109 761 Ausloribus
1118 745 1129 784 ,
1151 709 1358 784 corumque
1373 687 1622 787 Aplrorismis,
1633 712 1721 770 con»

74 795 212 867 cinnare
230 783 436 864 dostrrnaro
449 783 548 864 suam
565 786 704 884 voluit,
729 786 783 860 uri
798 783 981 883 facerunt,
1005 783 1050 860 ad
1065 786 1141 882 ejus
1155 787 1407 884 imitationem,
1432 785 1556 888 postea
1571 792 1608 864 in
1618 789 1721 871 Ethi-

74 893 120 966 cis
135 890 242 984 Janus
259 885 441 962 Gruterus
454 871 501 963 dt
525 883 896 960 Guilh.·Meclrovius
918 887 957 958 in
978 883 1036 958 sua
1056 887 1251 962 Paramrice,
1328 884 1485 988 Optima
1498 887 1586 981 Justi
1608 891 1719 993 Lipsn'

72 993 268 1064 Punicorum
289 983 415 1060 Editio
436 981 504 1084 est,
529 1007 614 1081 quae
630 1005 716 1062 cunt
732 989 823 1060 Nous
834 983 1001 1062 Matthiae
1018 983 1258 1087 Berneggeri,
1271 985 1509 1090 Argentorati
1523 988 1720 1089 prodiitA.

75 1103 172 1186 1658.
188 1089 227 1162 in
248 1113 302 1169 12·
328 1082 457 1162 Exstat
467 1106 617 1184 quoque
639 1086 677 1163 in
693 1082 751 1158 illa
767 1083 796 1178 J.
815 1081 930 1159 Henr.
945 1083 1098 1162 Btecleri
1111 1081 1300 1188 singularis
1314 1084 1503 1186 villarum,
1530 1089 1655 1165 excusa
1668 1093 1714 1168 A.
1791 1085 1793 1090 ’
1817 1152 1820 1160 4

75 1196 174 1284 1642.
190 1189 228 1265 in
254 1211 306 1262 ra.
332 1185 370 1264 dt
385 1211 500 1284 nunc„
524 1180 550 1258 fi
572 1181 671 1262 teile
686 1183 837 1258 memini
887 1207 984 1259 nova
996 1182 1123 1260 Editio
1139 1185 1298 1284 prodiit,
1323 1210 1407 1260 cum
1432 1185 1717 1270 Commentariis

71 1285 361 1388 Maubsserneg
389 1287 461 1382 eri,
491 1285 528 1362 dr
546 1281 827 1360 Boecleriana'D'
859 1285 1044 1361 aratione.
1112 1279 1237 1360 Exstat
1258 1287 1296 1362 dt
1320 1289 1358 1360 in
1379 1286 1533 1364 Italicam
1555 1290 1718 1402 linguam

71 1385 264 1466 conversus
278 1387 348 1503 Lip
377 1388 390 1460 i
404 1385 533 1484 Liber,
556 1409 630 1462 cum
645 1387 880 1456 Commentario
896 1387 1107 1486 exemplunm
1126 1391 1348 1486 antiquiorum,
1371 1383 1417 1460 εἰ
1431 1397 1604 1461 recentium
1619 1398 1719 1488 Natu-
1810 1453 1815 1462 .

71 1492 122 1575 lis,
145 1486 316 1564 Herculis
336 1485 439 1584 Cati,
460 1481 695 1562 Ferrarienfis
711 1483 843 1559 Vener.
868 1490 972 1570 1618.
996 1485 1035 1560 in
1059 1506 1137 1576 4ro.
1215 1485 1307 1602 Legi
1328 1488 1433 1562 etiam
1459 1485 1606 1587 possunt
1629 1495 1719 1564 Nota

71 1589 148 1684 Joh.
162 1585 255 1664 Lud.
272 1583 447 1684 Priscian,
481 1586 564 1660 Viri
583 1581 735 1682 eruditi,
756 1581 939 1659 senatoris
956 1581 1244 1686 Ratisbonensm,
1268 1610 1308 1662 tn
1331 1585 1370 1660 L'
1416 1586 1444 1686 ti
1462 1589 1609 1674 Politice,
1633 1590 1719 1666 No·

71 1688 170 1766 rirnb.
185 1685 293 1763 editae
313 1683 359 1762 A.
381 1695 480 1762 1666.
495 1685 534 1759 in
555 1707 606 1764 12·
656 1682 775 1784 Super
787 1682 961 1761 Tacitum
980 1683 1199 1783 multisunt,
1211 1687 1288 1783 -qui
1308 1685 1345 1760 A
1399 1685 1560 1763 orismos·
1574 1687 1638 1763 scri
1669 1687 1719 1766 se·

73 1813 118 1866 re.
191 1787 251 1864 Ex
270 1787 333 1863 illo
348 1787 666 1885 enim,·tanquam
689 1807 709 1860 e
733 1853 737 1862 .
762 1781 890 1862 undam
906 1779 1144 1882 Aurifodina,
1167 1711 1377 1862 omnemsa
1404 1787 1552 1862 lentiam
1566 1715 1714 1867 cuidem

74 1913 195 1968 eruere
209 1887 244 1962 se
260 1882 361 1988 posse
377 1883 697 1987 putantnonnulli
780 1879 897 1960 restant
919 1883 999 1960 lul
1020 1883 1204 1983 eujusdam
1227 1809 1462 1988 Aphorismi,
1488 1890 1717 1986 ptaetcrillos

73 1989 256 2065 Annibalis
272 1987 392 2083 Scoti,
423 1986 525 2086 ‚cujus
547 2004 687 2064 nomen
706 1983 799 2062 mibi
815 1981 958 2061 excidit.
1007 1983 1158 2058 Sunt&
1184 1983 1378 2084 Hispanico
1398 1985 1522 2086 lingua
1542 1989 1719 2088 Aphar'mr‘

72 2115 108 2160 cx
130 2095 239 2166 Tacito
257 2084 321 2162 sub
338 2088 444 2170 certis
461 2083 571 2160 titulis
588 2079 757 2178 collefli,
779 2080 849 2156 hac
866 2077 1128 2180 inscriptione:
1164 2088 1276 2155 Anima
1307 2089 1416 2158 Taciti.
1491 2081 1612 2162 Est&
1650 2088 1714 2162 oh.

70 2186 216 2266 Theod.
235 2184 448 2286 Spreng'eri,
460 2187 589 2260 Tacitus
600 2187 831 2264 Axiomarr'ctrs.
858 2181 895 2254 in
915 2205 969 2254 12.
985 2203 1032 2256 ex
1051 2181 1126 2255 aliis
1139 2179 1238 2279 quast
1256 2183 1293 2257 in
1319 2181 1522 2282 Epiromen
1541 2183 1718 2264 redadius.

71 2286 124 2366 Ert
139 2291 231 2366 Flora
249 2292 418 2356 Axionata
431 2280 588 2358 confecit
603 2278 754 2378 quidam
775 2279 998 2377 Anonymus
1053 2281 1117 2375 qu't
1131 2279 1292 2386 Ruperti
1308 2287 1534 2356 commentam
1559 2284 1716 2365 additur.

71 2386 215 2494 Scripsit
234 2385 272 2460 dt
292 2385 425 2458 Sacrum
442 2388 626 2458 oeream
635 2377 754 2490 lidich-
770 2377 954 2491 Ferterus,
967 2337 1027 2460 sed
1041 2381 1111 2476 qui
1119 2377 1324 2463 admodum
1339 2380 1551 2461 macilentus
1565 2383 1633 2486 est,
1655 2409 1718 2464 ert·

72 2485 189 2570 succus
208 2485 245 2566 dt
261 2483 412 2583 jejunum
473 2482 624 2581 Magnae
642 2477 693 2560 est
711 2476 936 2579 prudentroe,
958 2479 1143 2584 regulare
1166 2479 1438 2560 circumstantiis
1453 2480 1643 2562 ostiorum
1658 2489 1720 2562 de·
1871 2519 1875 2538 ·

73 2585 223 2683 ducere,
247 2606 370 2681 neque
382 2583 456 2658 hnc
474 2583 513 2657 in
523 2582 714 2680 ingenium
733 2577 883 2676 aliquod
905 2578 1193 2680 Paedagogicum
1211 2581 1326 2682 cadit,
1351 2580 1411 2658 sed
1434 2583 1479 2658 ab
1509 2583 1593 2686 ipsls
1616 2589 1717 2665 Viris
1744 2657 1752 2666 .
1785 2577 1788 2587 ’

71 2683 332 2786 prudentibus,
369 2705 478 2779 atque
502 2682 541 2760 in
558 2677 761 2756 aelionibus
782 2677 948 2752 civilibus
970 2681 1198 2775 exercitatis,
1233 2678 1384 2758 demum
1404 2681 1503 2759 reste
1525 2687 1719 2765 curabitur.

72 2785 237 2887 Spcdlant
254 2784 291 2860 dr
308 2781 381 2858 huc
395 2787 520 2855 Maura
535 2774 579 2858 ὅ
592 2779 741 2876 Excnrpla
761 2779 909 2863 Polluta,
926 2773 1179 2872 aquibusdam
1193 2776 1420 2879 conscripta,
1445 2785 1539 2860 inter
1561 2813 1645 2882 quae
1665 2788 1718 2864 est
1765 2831 1767 2839 2

73 2885 156 2979 lusti
175 2881 289 2986 Lipsai
306 2879 535 2984 Opusculnm
559 2877 808 2979 praecipuum,
831 2873 935 2972 quod
953 2880 1151 2954 Maurorum
1167 2880 1373 2952 Politicorum
1395 2881 1501 2956 titulo
1520 2887 1718 2988 evulgavit.

75 2987 164 3066 Non
180 2985 406 3066 omittendus
426 2981 535 3058 etiarn
553 2978 612 3058 hic
626 2973 677 3054 est
688 2974 771 3069 Job.
792 2975 968 3074 Boterus,
991 2975 1124 3072 Italus,
1147 2977 1248 3074 cuius
1270 2975 1408 3054 exstant
1422 2982 1623 3080 vanilibri,
1647 2987 1717 3062 lta·

75 3087 137 3166 lira
148 3088 271 3188 lingua
284 3083 418 3182 scripti,
443 3079 611 3180 inprimis
624 3075 701 3174 ille,
726 3099 837 3178 quent
849 3077 889 3156 dr
907 3080 1039 3154 Politice
1054 3077 1218 3173 illustrium
1237 3075 1393 3180 scripsit,
1415 3093 1441 3154 a'
1454 3079 1663 3160 Conrinoio
1678 3089 1716 3160 in

74 3187 233 3268 Latinam
248 3185 296 3264 lin
327 3207 408 3264 uum
424 3177 637 3275 conversus,
663 3201 705 3258 ac
723 3174 937 3254 Helmstadii
952 3176 1086 3274 editus,
1119 3201 1194 3272 quo
1212 3181 1445 3254 continentur
1465 3183 1576 3256 vat-'tae
1592 3151 1722 3259 ssilscr·

77 3287 227 3362 tationes
244 3207 540 3359 dedncremcntis
559 3276 887 3371 Decremeutiaque
901 3275 1139 3374 Rerumpubl.
1159 3274 1307 3390 Scripsit
1328 3277 1366 3356 dt
1381 3280 1439 3354 ille
1450 3279 1518 3354 alia
1535 3285 1720 3384 nonnulla,

80 3387 130 3460 uti
144 3387 183 3458 dc
203 3375 592 3466 Urlibnr‚&1telati011cs
611 3370 802 3470 Univerfirler
814 3377 852 3445 dr
866 3393 1104 3446 teterrimum
1117 3373 1218 3459 Orbe,
1237 3376 1348 3452 edrtas
1367 3375 1531 3455 Veneriis
1544 3381 1591 3458 Α.
1617 3390 1720 3482 1605.

78 3487 358 3664 ppptost,dquaed,
383 3478 410 3553 fi
434 3477 532 3558 recle
555 3474 723 3574 memini,
768 3474 877 3556 etiam
897 3475 937 3548 in
955 3474 1119 3552 Latinam
1140 3475 1305 3582 linguam
1327 3475 1411 3556 suni
1437 3479 1641 3584 converse,
1679 3509 1723 3562 ac

115 3607 185 3661 em
218 3609 236 3662 a
264 3607 322 3663 ue
350 3603 419 3660 ttae.
1657 3619 1660 3626 ¹

176 3785 270 3862 Sunt
288 3779 456 3858 nonnulli
476 3777 677 3875 Auliores,
705 3773 771 3873 qui
791 3773 837 3848 de
858 3773 1102 3850 Aradum-rra
1124 3773 1303 3853 Pourtcts
1320 3777 1537 3858 sarciamus
1557 3779 1724 3881 trauan,
1743 3816 1780 3889 ¹5

83 3907 160 3984 quae
174 3883 209 3961 se
224 3907 293 3986 per
313 3875 516 3957 universam
529 3873 759 3981 prudentiam
770 3873 929 3950 Civilem
948 3872 1175 3966 diffundunt,
1201 3879 1322 3974 quales
1333 3877 1433 3976 sunt,
1467 3883 1532 3976 qui
1544 3879 1592 3956 de
1603 3891 1726 3955 rarione

84 3985 189 4060 Status
203 3980 394 4084 scripsere,
419 3982 617 4076 interquos
633 4000 659 4051 o
689 3977 798 4050 timus
816 3973 963 4048 videtur
977 3972 1395 4078 LudovicusSeptaliuS,
1418 3996 1463 4054 ex
1477 3979 1593 4056 Italica
1602 3981 1726 4084 lingua

84 4088 119 4160 in
129 4087 293 4162 latinam
307 4077 502 4158 conversos
516 4077 624 4174 aJoh.
696 4097 831 4172 rmero,
844 4071 978 4148 Hamb.
992 4073 1038 4147 A.
1055 4079 1211 4168 1659.·in
1226 4089 1310 4162 8vo.
1321 4077 1358 4152 dt
1375 4079 1574 4178 pluresalii,
1591 4079 1637 4156 de
1650 4083 1728 4178 qui·
1818 4075 1827 4085 “

87 4185 151 4262 bus
170 4181 244 4260 vid.
260 4180 444 4282 Conring.
463 4180 500 4252 in
525 4175 589 4250 lib.
610 4178 649 4250 de
667 4174 765 4248 Prud.
778 4175 875 4245 Civili.
927 4170 1135 4250 Hisaffines
1150 4173 1229 4249 sunt
1246 4177 1425 4276 Antores,
1449 4180 1516 4276 qui
1535 4177 1581 4252 de
1597 4184 1730 4252 Arcanis

89 4287 311 4358 Dominuionis
331 4274 564 4380 scripserunt,
592 4274 694 4374 quod
709 4294 966 4376 argumentum
979 4297 1092 4379 nemo
1100 4271 1272 4348 balianus
1288 4273 1400 4377 digne
1420 4275 1603 4375 tradaris,
1620 4299 1732 4375 arque

91 4407 133 4463 ex
146 4382 316 4462 Historiis
335 4378 502 4456 omnium
516 4378 707 4452 nationum
718 4372 930 4474 expeditum
949 4371 1059 4448 dedit.
1110 4371 1329 4473 Ellquidem
1338 4375 1634 4572 ArnClapmarii
1649 4382 1733 4478 Opus

92 4483 134 4562 dc
149 4507 196 4564 eo
211 4499 431 4590 argumento
449 4476 636 4582 scriptum,
658 4499 698 4551 ac
711 4473 900 4672 aliquotiep
901 4469 1064 4672 l{ditpm
1081 4473 1118 4547 in
1134 4469 1239 4572 quod
1253 4475 1360 4551 etiam
1374 4496 1451 4550 nora
1467 4499 1487 4554 a
1525 4473 1588 4552 oh.
1597 4473 1740 4655 effi

362 4625 365 4630 ·
942 4595 987 4650 rr
1057 4591 1082 4654 2
1657 4598 1688 4652 n
