3894 5232
245 215 326 296 234
623 247 642 294 ,
701 186 1062 320 conspiratorem.
1080 189 1151 276 ur.
1165 187 1330 290 urm.
1344 189 1393 300 r,
1465 231 1470 240 ·

244 394 328 460 tum
339 371 416 478 ipse
428 373 549 456 Antor
562 371 695 456 fatens
707 372 750 454 iia
766 373 993 480 verbisque
1014 369 1115 476 supra
1134 370 1357 464 adduximus
1405 371 1524 489 Ponto
1546 371 1758 470 subtilioris
1765 396 1878 482 main,

142 541 148 551 .
249 475 380 581 triplici
395 476 565 581 dogmate
578 474 712 578 Telefii
724 475 925 570 absolvitur.
999 477 1160 556 Primum
1174 475 1247 572 cil,
1268 473 1371 578 quod
1389 481 1514 570 prunis
1533 479 1680 566 effectas
1694 491 1731 570 in
1747 519 1880 602 corpure
1926 498 1927 524 ²

41 573 44 582 ’
231 577 926 683 ¹naturalirillioriaiirpredo‘minantia
942 579 1391 682 constitueramnonvero
1404 583 1527 699 equali
1548 591 1723 686 potentia,
1770 599 1880 684 Soenn.

191 743 194 748 .
251 677 422 782 domest,
436 679 537 786 quod
556 680 655 761 calor
668 679 810 779 adsone
824 686 1141 786 proprlacorpora
1160 681 1427 786 sempervertat
1440 708 1480 764 tn
1501 687 1573 772 Em
1586 687 1782 782 humidum.
1825 707 1882 786 Q.

65 823 72 832 ·
244 780 323 862 ‘lori
335 783 434 862 enim
451 802 530 862 non
546 781 738 862 srccitatem
752 782 916 862 adscribit
939 781 1116 884 Telesrus,
1130 781 1191 861 sed
1209 783 1480 883 humiditatem,
1498 812 1687 896 quareper
1699 795 1791 880 iilum
1804 805 1882 890 iana

249 907 310 974 ma
330 883 385 962 est
401 891 570 965 omnium
582 883 834 980 humidillima,
877 883 955 964 uod
976 884 1144 966 facillime
1162 885 1285 978 cedat,
1299 883 1336 965 ἃ
1350 911 1442 991 aegre
1455 888 1633 971 consistat.
1663 899 1819 1002 ltaque,
1832 909 1884 1006 ait,

248 987 411 1086 ,calorem
425 986 617 1074 hrunidum
637 1010 820 1092 perpetuo
889 985 1000 1080 cere,
1034 985 1246 1092 depascere,
1271 989 1484 1070 extendere:
1536 1016 1664 1092 contra
1680 997 1883 1108 srigusagera
1927 1022 1928 1100 l

251 1088 377 1170 omnia
391 1088 431 1167 in
444 1087 961 1179 ficcitatemconcretionem,
976 1087 1158 1174 duritiem
1207 1089 1331 1196 ‚Qum
1347 1089 1397 1178 ob
1413 1091 1551 1185 causam
1571 1093 1753 1196 succenset
1769 1111 1883 1192 Asilio.
1927 1109 1928 1184 T

108 1229 110 1234 ·
175 1181 179 1196 ’
252 1190 332 1282 teli,
348 1189 451 1293 quod
467 1187 658 1270 non'resle
673 1190 866 1284 srccitatem
883 1201 968 1272 c'um
983 1189 1102 1296 calore
1118 1216 1166 1270 co
1193 1187 1354 1298 ulavarit
1405 1191 1627 1304 Qrodxero
1649 1201 1882 1294 interdumde
1923 1213 1928 1250 ²

184 1332 190 1342 ι
249 1291 430 1378 ficcentur
446 1317 601 1398 corpora
615 1317 681 1398 per
696 1289 864 1390 calorem,
880 1293 921 1372 id
936 1292 1032 1385 fieri,
1045 1292 1136 1372 dicit
1190 1290 1325 1388 elafius,
1341 1319 1407 1398 per
1420 1297 1603 1396 accidens,
1618 1302 1657 1382 in
1671 1332 1820 1414 corpore
1830 1317 1882 1396 scil

251 1393 452 1492 diffimilari,
465 1381 784 1502 partibmtpa'rtim
799 1391 982 1490 tenuibus,
990 1401 1125 1502 'partlm
1149 1393 1283 1489 craffis,
1306 1397 1513 1494 constante,
1529 1401 1713 1487 eliciendo
1732 1439 1794 1516 per
1811 1439 1884 1498 attt-

250 1497 466 1588 nuationem
480 1497 601 1602 primo
615 1517 733 1600 partes
745 1505 961 1594 tenuiores„
975 1495 1082 1580 unde.
1101 1495 1280 1576 cralsrores
1301 1496 1337 1577 se
1358 1497 1632 1606 constringant,
1647 1535 1728 1612 que
1740 1520 1884 1600 tamen&
1928 1546 1929 1602 r

251 1597 332 1702 ipsae
345 1599 385 1677 in
401 1597 593 1683 humidum
607 1598 759 1694 cedant,
776 1595 1023 1708 fi·violentiori
1035 1599 1121 1704 igne
1134 1621 1338 1700 urgeantur,
1352 1601 1456 1710 quod
1471 1609 1802 1724 exemplolate'run'r
1815 1645 1883 1722 pto·

250 1701 324 1796 bat,
338 1725 495 1805 quorum
512 1723 630 1805 partes
643 1701 832 1789 tenuiores
846 1701 1004 1804 primum
1018 1727 1084 1806 per
1103 1706 1225 1803 ignem
1248 1723 1481 1786 attenuentur
1503 1707 1541 1786 δι
1555 1709 1796 1809 ejicianturrsr
1815 1747 1884 1802 vero
1928 1711 1929 1776 Ψ

219 1869 221 1879 .
248 1799 382 1984 ἑστᾶσι
396 1803 494 1896 calor
507 1801 706 1896 accesserit,
728 1801 875 1888 lateritia
897 1800 1085 1892 substantia
1108 1809 1149 1882 in
1179 1803 1313 1882 vitrum
1328 1805 1476 1886 tandem
1510 1809 1626 1906 abeat,
1640 1821 1747 1917 quod
1775 1823 1884 1927 absque

236 1933 238 1938 ·
276 1928 368 1986 nore
383 1905 518 1991 conlisi
534 1902 768 2007 nonpotest„
835 1905 1006 2002 Tertium
1030 1906 1162 2008 dogma
1183 1900 1369 2010 perspicue
1391 1909 1579 2014 distinguit
1602 1917 1809 2005 subactionis
1822 1951 1885 2006 mo-

244 2003 347 2104 dum,
361 2008 425 2112 qui
439 2005 574 2109 duplex
588 2007 652 2101 est,
670 2003 729 2086 vel
742 1997 951 2102 rejiciendo,
968 2005 1025 2085 vel
1041 2007 1236 2103 vertendo,
1258 2007 1408 2112 quando
1422 2009 1492 2096 scil.
1513 2015 1672 2110 calidum
1688 2023 1886 2128 &frigidum
1929 2070 1930 2124 i

241 2135 371 2215 magna
385 2110 484 2192 mole
497 2134 732 2208 concununt,
749 2131 827 2188 tum
840 2108 999 2216 sequitur
1014 2109 1143 2223 ejcdio
1158 2111 1281 2212 <Enna
1296 2110 1395 2188 enim
1411 2113 1497 2194 loco
1518 2125 1768 2216 moventur&
1782 2131 1886 2232 impel·
1929 2161 1930 2196 r

240 2209 398 2310 luntur,)
414 2214 475 2292 ubi
492 2237 581 2290 vero
594 2211 727 2291 minori
742 2213 942 2312 quantitate
956 2237 1014 2290 res
1030 2213 1176 2324 geritur,
1198 2235 1277 2292 turn
1299 2211 1615 2319 sequiturverfim
1641 2242 1721 2306 tum
1742 2233 1886 2314 enimin

243 2313 596 2402 terimunturEntia,
613 2313 827 2394 &naturam
843 2321 1103 2418 potiusquam
1125 2313 1263 2400 locum,
1284 2325 1437 2399 mutant.
1488 2317 1609 2424 Hujus
1630 2335 1688 2404 rei
1705 2336 1887 2438 exemplum
1927 2335 1930 2354 *

242 2415 391 2515 exhibet
405 2416 442 2496 in
456 2415 665 2518 regionibus
678 2419 767 2494 a'e‘ris
783 2415 1034 2526 superioribus,
1051 2420 1115 2518 qui
1129 2411 1333 2522 frigidiores
1351 2416 1596 2533 reperiuntur,
1612 2435 1725 2528 quarn
1739 2433 1813 2524 sunt
1824 2437 1887 2530 illa,

240 2545 324 2624 quac
337 2542 439 2597 terrac
451 2523 655 2617 propiores.
706 2523 749 2597 ln
764 2511 831 2594 illis
847 2515 946 2594 enim
960 2513 1061 2603 locis,
1078 2513 1139 2600 ubi
1165 2513 1214 2595 ad.
1226 2513 1346 2618 sedem
1357 2518 1575 2622 prrmrcalidi
1588 2531 1743 2628 propius
1757 2563 1886 2641 perpera

148 2692 152 2701 ,
175 2689 183 2702 ,
241 2641 323 2702 tum
337 2622 401 2712 est,
417 2619 585 2709 calorem,
601 2617 633 2694 se
648 2617 889 2720 colligentem,
904 2615 1101 2726 universam
1118 2613 1261 2718 frigoris
1286 2617 1357 2696 vim
1373 2615 1471 2698 fimul
1495 2621 1627 2720 ejicere
1650 2629 1688 2712 dr
1704 2637 1886 2740 detrudere,

242 2724 304 2818 ait,
320 2717 471 2802 unde&
488 2718 644 2796 similiter
659 2717 738 2798 vice
754 2720 850 2798 versa
862 2727 903 2798 in
917 2739 1009 2826 terra
1025 2720 1100 2799 fieri
1125 2717 1242 2834 polilt,
1266 2719 1369 2822 quod
1389 2724 1525 2802 calores
1558 2733 1887 2826 vehementiorem

239 2821 432 2931 profundo
445 2820 521 2917 ejus
536 2819 615 2910 lint,
632 2848 739 2924 quam
752 2822 790 2899 in
805 2819 1001 2926 lirperficie.
1054 2823 1157 2904 Alter
1171 2846 1247 2918 erus
1268 2825 1466 2916 conmissi,
1482 2830 1585 2928 quod
1600 2832 1641 2914 in
1656 2859 1782 2944 aperto
1796 2845 1887 2945 sequi.
1930 2849 1931 2882 ³

145 2951 149 2956 ·
241 2949 302 3006 tur
316 2924 456 3023 ejectio,
472 2924 513 3004 in
532 2919 651 3004 clauso
666 2921 791 3015 versio,
806 2923 911 3026 quod
933 2925 1070 3030 probat¹
1083 2923 1250 3038 exemplo
1262 2923 1439 3040 'vasorum
1461 2931 1711 3040 occlusurum,
1726 2945 1886 3049 inquibus

116 3025 125 3048 '
241 3026 381 3126 emissio
395 3031 562 3130 corporis
576 3026 763 3119 attenuati,
786 3021 857 3102 srve
879 3025 1243 3128 spiritumimpedita,
1259 3051 1364 3128 rsque
1386 3030 1558 3134 retrusus,
1588 3057 1819 3153 corpomper
1830 3049 1848 3127 f
1873 3091 1886 3110 .

239 3131 505 3215 mentationem
523 3127 654 3206 alterat.
706 3124 820 3232 Qod
834 3125 1054 3224 idemst'iatn·
1069 3127 1123 3226 fit,
1143 3126 1229 3210 srco
1275 3129 1424 3208 usadeo
1439 3140 1672 3235 compassum
1686 3151 1887 3254 estffitegse.

241 3233 283 3313 di
297 3233 440 3334 spiritus
456 3253 533 3306 non
548 3227 663 3332 poffit.
714 3232 839 3328 Atque
854 3225 1007 3334 illasg're
1023 3229 1114 3330 litus,
1126 3238 1214 3409 ἔαξε
1266 3229 1372 3348 elesro
1396 3239 1490 3340 circa
1513 3261 1636 3324 rerum
1663 3251 1833 3355 pfincipj,
1847 3252 1887 3334 vj.

239 3333 381 3425 salunt,
397 3356 477 3434 quae
491 3355 575 3408 curn
590 3329 811 3408 Parmenidis
826 3321 1016 3433 principiis
1032 3331 1123 3410 sorta
1152 3358 1174 3410 e
1195 3357 1439 3430 contremunt,
1453 3336 1519 3414 nisr
1542 3350 1650 3444 quod
1666 3353 1824 3435 Telefius
1836 3353 1888 3434 illis

241 3419 425 3525 materiam
440 3427 592 3522 addidlt,
608 3439 647 3509 in
664 3455 955 3534 quaquanquam
982 3433 1207 3543 Vemlarnius
1229 3439 1313 3512 ¹enm
1335 3433 1579 3542 Peripateticis
1602 3455 1816 3538 notionibus
1836 3458 1887 3534 de.

271 3559 430 3615 ravatum
444 3533 514 3624 else
527 3531 706 3626 ostendit,
727 3553 867 3626 tamen,
889 3556 929 3612 ut
952 3533 1037 3614 mihi
1060 3535 1222 3641 videtur,
1244 3561 1320 3614 rem
1336 3537 1435 3616 aliter
1455 3548 1631 3646 expedire
1655 3581 1741 3640 non
1761 3613 1762 3618 a
1774 3559 1889 3666 pontit

240 3560 328 3720 ileo
341 3636 440 3716 enim
455 3633 577 3740 viden,
599 3635 794 3738 quomodo
814 3632 850 3712 se
874 3635 1068 3740 explicaret
1088 3635 1252 3716 Telelius
1271 3637 1339 3718 suis
1359 3642 1566 3748 princlpiis,
1593 3655 1660 3734 nis
1675 3660 1713 3738 dr
1727 3663 1889 3746 materiam

241 3736 462 3846 agnosceret,
477 3761 559 3842 quae
572 3737 721 3854 quidem
739 3733 874 3838 frigido
891 3737 953 3815 suo
968 3738 1061 3819 adeo
1083 3737 1264 3849 implicata
1276 3739 1349 3830 est,
1359 3765 1405 3824 ut
1420 3743 1565 3848 separari
1588 3755 1635 3834 ab
1651 3755 1811 3846 invicem
1822 3787 1888 3843 non

226 3881 235 3886 -
296 3838 384 3920 lsrnt.
423 3837 571 3957 'Neque
587 3864 697 3926 emm,
714 3839 802 3940 quid
818 3834 991 3956 frigidum
1006 3841 1168 3958 intextio
1185 3845 1365 3961 materiam
1382 3845 1646 3952 demonstrare,
1656 3868 1779 3968 potest
1792 3867 1888 3947 Tele·

240 3866 322 4036 iis,
337 3967 460 4044 neque
475 3962 580 4020 etiarn
596 3941 704 4042 ipsam
720 3960 900 4018 matonam
916 3959 964 4020 rta
988 3941 1188 4020 drstrnslam
1211 3945 1393 4048 explicare
1415 3953 1539 4056 novit,
1555 3959 1694 4052 nisiex
1717 3969 1784 4048 illis
1818 3969 1889 4048 affe·

235 4041 439 4226 {niniiffi'
470 4066 551 4146 quae
578 4041 849 4146 consequuntur
880 4043 1083 4160 materiam,
1108 4043 1280 4158 lentore,
1304 4044 1521 4152 viscositate,
1546 4057 1707 4164 duritie,
1734 4071 1890 4167 mollitie,

311 4172 359 4224 rm
384 4174 397 4222 1
422 4167 473 4225 us.
1482 4215 1486 4222 ·
1682 4179 1693 4196 ⁸

174 4358 204 4450 p
242 4431 246 4440 Ι
339 4331 456 4438 Quod
472 4332 856 4458 Verulamiijudicium
869 4336 1008 4435 attinet,
1023 4333 1052 4420 is
1066 4335 1215 4444 quidem
1238 4340 1446 4462 magnifacit
1458 4316 1651 4466 ingenium
1674 4359 1783 4459 hujus
1807 4359 1890 4456 viria,

138 4499 147 4510 ,
237 4457 281 4516 ut
295 4459 394 4514 certe
411 4437 546 4538 absque
559 4461 707 4540 ingemo
722 4433 944 4518 conlicrnon
960 4444 1092 4544 potest,
1108 4466 1187 4548 quae
1202 4445 1249 4524 de
1264 4447 1408 4544 obredo
1423 4451 1545 4554 aquuo
1567 4460 1670 4558 quas,
1685 4487 1811 4544 recen,
1824 4465 1890 4542 sos.

234 4559 352 4623 matur
365 4538 563 4645 disciplina,
578 4540 626 4623 ita
640 4540 738 4628 enim
750 4541 847 4628 recle
867 4545 990 4632 vocati
1003 4543 1133 4652 potest.
1185 4549 1284 4633 Nam
1299 4577 1318 4631 a
1332 4565 1391 4634 tot
1405 4547 1529 4640 seculis
1549 4557 1769 4672 'regnaverat
1782 4567 1888 4643 Philo-

1766 4663 1888 4777 sophia,
