3964 5218
85 395 90 402 ,
222 295 300 380 422
692 258 1429 375 Pouatst.l⁰tras0pt.rtanrara.11.
1554 257 1567 266 ·

224 473 247 526 e

307 440 598 624 1pradellionit,
632 458 709 520 tam
728 463 749 518 a
770 462 913 538 natura,
940 461 1052 539 quam
1070 437 1158 518 attia
1174 435 1392 540 ndnillerlo,
1410 436 1568 542 modos,
1591 461 1730 520 venam
1760 461 1895 550 pamm

259 471 302 526 us

256 574 304 626 rae
349 551 481 650 titpro
499 545 677 652 dignitate
698 540 806 646 hujus
820 537 989 646 subjecti,
1010 563 1096 618 nam
1116 540 1156 621 in
1170 562 1297 622 natura
1309 540 1386 643 ejus
1404 539 1608 646 indaganda
1634 543 1746 623 exilis
1766 542 1895 624 admo

165 746 170 752 ¹
209 576 318 728 'dum
334 647 443 754 ipsius
459 667 576 748 opera
591 641 651 720 eli.
1396 667 1402 672 ·
1905 655 1912 670 ¹

165 785 189 846 a
206 814 217 841 t
323 764 456 864 Longe
470 751 678 852 dodliua&
693 776 831 870 magno
846 750 1050 852 molimine,
1066 773 1188 856 nuper
1202 750 1241 828 ln
1257 750 1333 852 ejus
1342 750 1527 830 nuteriam
1546 753 1743 855 lnqnlfivit
1759 777 1848 835 toro
1859 757 1895 834 ll·

224 861 501 958 taratonlano
511 856 678 956 Mauow,
700 879 765 954 qut
778 851 948 953 ostendit,
961 865 1160 956 pet'totam
1175 873 1307 931 terram
1318 851 1357 930 dc
1371 852 1668 958 aeremspiritum
1686 855 1893 962 quendam,

225 983 340 1064 quem
352 962 613 1060 nitro-aereum
627 975 748 1054 vocat,
763 951 831 1030 else
846 949 1062 1056 dispersum,
1085 950 1184 1030 unde
1199 954 1368 1029 omnium
1384 975 1508 1030 retum
1528 953 1843 1034 fermentationes
1858 958 1893 1034 dt

229 1061 515 1169 germinationes
531 1053 688 1132 deducit.
754 1053 818 1129 llle
834 1077 927 1132 vero
943 1055 1082 1130 nitrum
1096 1054 1144 1128 ita
1157 1050 1345 1152 describit,
1396 1054 1474 1129 uod
1489 1053 1629 1133 constet
1647 1081 1667 1132 e
1683 1055 1763 1133 sale
1775 1057 1891 1156 acido,

226 1162 386 1242 maxime
402 1161 514 1264 igneo
551 1156 588 1231 dt
602 1153 749 1257 insuper
761 1153 876 1231 Alcali
918 1151 1071 1229 seu'salis
1085 1151 1203 1227 Alcali
1217 1153 1337 1230 vicem
1352 1075 1526 1233 stiiaeunte
1539 1151 1606 1232 sale
1620 1158 1770 1234 volatili
1803 1180 1892 1260 pure

226 1261 325 1344 salso.
376 1217 532 1362 Nifflasl
547 1257 632 1336 nitri
646 1252 843 1357 Analyfis'
905 1255 1059 1362 ruitur,
1074 1251 1220 1354 spiritus
1241 1251 1364 1330 acidus
1385 1253 1471 1331 hinc
1487 1257 1651 1356 primum
1674 1255 1772 1333 dest'
1804 1280 1889 1355 atur,

192 1393 196 1402 ·
225 1360 355 1442 tettan
375 1363 415 1438 in
435 1379 573 1435 retorta
586 1358 685 1433 nitro
700 1353 803 1454 fixo,
839 1353 944 1454 quod
959 1351 986 1430 fi
999 1351 1145 1456 spiritua
1165 1349 1288 1428 acidus
1303 1349 1361 1430 sali
1375 1356 1506 1452 cuique
1521 1357 1636 1432 Alcali
1659 1355 1888 1456 affimdatur,

226 1487 275 1544 ex
296 1485 423 1542 mutua
441 1454 761 1562 congredientium
785 1453 880 1532 ludia
899 1452 1153 1558 generabitur,
1178 1449 1282 1549 quod
1305 1454 1386 1556 igni
1410 1453 1584 1555 injedlum
1633 1480 1765 1535 romte
1785 1457 1887 1534 defla·
1948 1441 1949 1486 ³

226 1586 321 1669 grat.
369 1562 474 1640 Nitri
491 1583 530 1634 et
597 1577 720 1660 partes
740 1553 828 1634 duaa
841 1553 1146 1650 intumuerant
1168 1550 1297 1652 fixam,
1320 1553 1469 1632 alteram
1492 1555 1576 1630 vola
1595 1557 1601 1572 '
1619 1581 1701 1660 em,
1743 1559 1809 1634 vel
1827 1583 1887 1662 po

225 1669 310 1765 tius,
334 1684 376 1742 ut
395 1660 527 1738 rediius
554 1671 683 1756 oquar',
703 1655 858 1758 species,
881 1663 1091 1756 quanquam
1111 1674 1239 1729 revera
1252 1651 1474 1732 sunt-eadem
1489 1663 1652 1760 corpota'
1661 1683 1674 1754 3
1705 1680 1883 1758 quatenus

226 1768 373 1848 interra
388 1761 584 1855 radicatur,
606 1755 668 1832 sal
689 1755 806 1836 fixum
827 1753 895 1854 est,
954 1775 1103 1831 uatenus
1121 1753 1162 1828 in
1182 1762 1264 1828 aere
1278 1753 1551 1855 circumfertur,
1591 1755 1636 1834 sal
1658 1759 1818 1835 volatile
1831 1755 1883 1833 est.

224 1863 326 1942 Cum
340 1867 462 1964 itaque
485 1861 524 1934 in
539 1877 635 1933 terra
646 1853 791 1932 'radices
805 1854 881 1931 suas
899 1779 1028 1930 haqbeat
1049 1852 1240 1954 (omnium
1257 1856 1355 1930 enim
1369 1852 1493 1932 salium
1513 1853 1677 1935 fixorum
1694 1857 1834 1936 semina
1849 1859 1882 1932 in

225 1985 322 2043 tetra
337 1959 491 2040 refudere
508 1957 589 2058 ait,)
612 1955 657 2032 ab
677 1965 761 2036 ae'te
802 1975 923 2040 romte
940 1959 1094 2058 augetur
1115 1973 1226 2052 terra,
1254 1978 1338 2060 quae
1357 1951 1475 2030 fixum
1493 1957 1630 2034 nitrum
1647 1958 1800 2057 habuit,
1826 1957 1879 2034 vel

226 2064 303 2164 ejus
323 2060 444 2139 semen
456 2056 576 2135 adbuc
590 2055 708 2132 habet.
794 2077 879 2132 erra·
891 2056 1001 2154 enin,
1017 2077 1064 2136 ex
1080 2077 1152 2153 qua
1167 2077 1282 2130 omne
1296 2055 1433 2130 nitrum
1449 2053 1654 2133 extradum
1673 2057 1740 2158 est,
1766 2056 1795 2133 fi
1811 2059 1878 2133 aeri

225 2185 446 2265 exponatur,
471 2181 540 2262 pet
553 2154 703 2258 aliquod
721 2178 869 2258 tempus
912 2177 991 2232 rota
1005 2156 1138 2235 iterum
1154 2150 1287 2232 nitroso
1301 2152 1444 2254 evadit,
1468 2155 1786 2254 quodindieat-ex
1806 2167 1880 2234 aere

223 2287 296 2368 pro
326 2265 427 2365 agari
442 2263 600 2358 nitrum,
639 2258 801 2362 partibus
822 2215 1029 2333 voiatilibus
1054 2253 1088 2330 se
1111 2256 1246 2330 iterum
1267 2251 1350 2330 fixis
1363 2255 1637 2356 applicantibus.
1717 2257 1813 2336 Haec
1825 2258 1877 2333 ille
1949 2296 1950 2353 t

222 2290 370 2469 proiixe
384 2359 453 2440 isto
467 2363 506 2438 in
524 2359 620 2442 libro
633 2359 800 2460 exponit,
814 2357 889 2455 ubi,
904 2379 1018 2456 quent
1032 2377 1078 2436 ex
1094 2351 1403 2452 nitrostsefflttvils
1417 2353 1564 2455 format,
1589 2356 1762 2462 spiritum
1772 2357 1878 2435 tiitto·
1949 2371 1950 2414 l

222 2475 382 2561 aereum,
398 2471 538 2565 ma'gno
553 2458 676 2534 labore
693 2457 731 2531 dt
746 2456 932 2558 diligentia
946 2479 1013 2556 per
1032 2455 1268 2557 operationes
1284 2455 1471 2561 naturales,
1483 2454 1805 2561 lamentationes,
1824 2481 1877 2536 ve·

223 2564 439 2670 getotionep,
463 2557 715 2660 respirationes
731 2554 952 2654 animalium,
966 2555 1035 2635 &a
1056 2549 1331 2633 circumducit*
1671 2595 1675 2604 ·

323 2690 547 2770 Notandum
565 2687 603 2765 dt
620 2686 692 2786 hic,
712 2683 817 2786 quod
832 2681 1037 2761 Franciscus
1052 2681 1219 2762 Baconus
1233 2681 1401 2762 observat
1419 2689 1593 2787 tn'bolorn
1605 2697 1679 2766 alta
1700 2689 1747 2769 δ’
1758 2699 1872 2780 marm,

224 2791 441 2898 quotidiano
455 2789 517 2866 usu
533 2790 620 2868 nitri
632 2789 746 2864 vitam
763 2781 864 2888 posse
875 2809 994 2887 propa
1041 2785 1087 2884 ri,
1107 2807 1219 2881 quate
1234 2782 1309 2888 ipse
1324 2784 1468 2890 semper
1481 2789 1570 2868 cibis
1586 2789 1785 2871 admiscuit.
1813 2791 1871 2866 Ra·

224 2901 277 2974 tio
293 2895 375 2994 ,ejus
397 2893 482 2992 haec,
497 2889 583 2990 suit,
640 2885 718 2964 uod
741 2885 971 2964 inordinatos
1011 2886 1186 2986 pirituum
1201 2906 1325 2962 motus
1345 2881 1436 2964 sistat
1454 2912 1495 2964 ac
1509 2888 1598 2994 figat
1630 2916 1651 2969 a
1699 2893 1805 2970 uibus
1820 2911 1871 2968 tor

220 2993 499 3075 oriunturinco
549 3014 615 3066 ore
655 3009 790 3064 umano
799 2985 1047 3062 incommoda.
1095 2981 1154 3062 Ex
1170 2985 1269 3064 nitro
1297 2983 1346 3060 sul
1376 2985 1468 3062 bure
1484 2991 1522 3066 dt
1536 2951 1688 3068 carboni
1714 3016 1778 3091 us,
1800 2990 1869 3096 pul.

220 3101 278 3174 vis
294 3096 424 3199 pyrius
440 3117 485 3168 co
539 3093 643 3187 citur,
658 3087 1009 3187 cujuspatrocinium
1021 3080 1172 3185 suscepit
1188 3043 1305 3160 Micia
1358 3087 1869 3166 aierusa'aam'siavmta'sGerma·
1950 3070 1951 3138 i

221 3207 285 3288 aaa,
309 3195 373 3275 ubi
386 3191 582 3270 Germanis
592 3188 672 3287 ejus
685 3187 939 3270 inventionem
953 3182 1079 3262 alletia.
1129 3182 1253 3287 Qam
1271 3208 1342 3264 nec
1363 3209 1437 3290 ego
1450 3189 1492 3264 iis
1508 3191 1735 3292 inviderem,
1759 3189 1820 3267 nist
1835 3192 1867 3268 in

62 3386 66 3393 .
225 3299 325 3401 Rog·
342 3293 516 3386 ssflconis,
542 3288 673 3390 Angli,
708 3287 774 3386 qui
790 3283 853 3360 diu
866 3306 949 3360 ante
964 3284 1087 3369 Barth,
1100 3282 1366 3362 Schwartzium
1389 3288 1504 3389 vixit,
1527 3289 1656 3392 Epaflola
1675 3285 1867 3394 dtopmbm

217 3397 349 3500 sacratis
362 3387 500 3467 arto&
515 3407 645 3471 natm,
662 3385 831 3485 jamtum
847 3385 923 3483 ejus
939 3381 1208 3462 mentiofieret.
1259 3383 1387 3566 (Ἢ
1404 3389 1532 3489 miror,
1552 3390 1679 3467 (ium,
1698 3387 1866 3469 Cambdg.

227 3521 338 3593 nutu,
371 3502 404 3568 in
417 3492 568 3592 Reliquit‘s
588 3487 726 3584 lbflora'ae
745 3488 896 3588 Anglicae,
928 3485 1084 3587 Anglice
1098 3482 1255 3589 scriptis,
1278 3487 1305 3563 il
1397 3487 1555 3592 gloriam
1569 3493 1760 3597 popuparis
1771 3487 1820 3567 su,
1831 3487 1863 3563 jn

225 3593 379 3688 dubium
393 3612 546 3688 vocate,
572 3586 610 3666 dt
633 3585 828 3666 Germanis
847 3583 1056 3670 adscribere.
1489 3623 1498 3632 .
1639 3617 1641 3628 .

846 3887 881 3968 C
906 3889 943 3967 Α
966 3889 1005 3968 P.
1057 3887 1251 3970 XXXIX.

156 4033 161 4040 ’
222 4117 229 4130 «
291 4056 598 4174 busana
652 4053 1446 4185 COMMUN1,V1TR10L0,
1505 4057 1797 4224 camme

254 4279 258 4302 ι
614 4231 749 4352 QUE
797 4229 1060 4318 SALIUM
1111 4225 1480 4322 SPEClEBUS.¹

223 4448 254 4550 ς.
283 4476 312 4528 1.
336 4450 416 4525 Salis
431 4454 600 4520 communis
616 4455 709 4518 uaria
717 4446 841 4550 species.
891 4448 970 4519 Salia
985 4443 1056 4543 ustas
1068 4443 1211 4544 Phyficus
1222 4443 1265 4521 ss
1276 4445 1444 4542 Chymicm.
1460 4447 1609 4545 Judt'ct'a
1620 4451 1659 4524 de
1670 4433 1744 4548 Job.
1754 4437 1849 4544 Sapit.

374 4555 518 4634 sazai-ar
538 4559 570 4625 „³
586 4550 834 4648 derataGomesti
847 4545 1090 4648 Scriptisdca‘llo
1115 4549 1287 4624 Vt'trt'osum
1301 4549 1365 4620 lata
1375 4557 1409 4660 in
1420 4545 1518 4622 oart't's
1531 4539 1849 4736 memffuiisis'
