3964 5218
403 267 489 373 Cap.
522 267 635 358 XLV
631 257 660 352 1.
708 267 866 374 Miscesa
887 231 1357 390 querirnonimnlibus,
1384 276 1458 360 &n
1533 339 1538 344 -
1682 315 1751 393 ⁴4¹

102 435 507 718 Observationum
522 442 615 522 circa
627 441 793 521 animalia
808 463 927 522 tantus
943 441 994 520 est
1009 469 1200 543 numerus,
1231 469 1272 523 ut
1288 450 1437 553 integro
1460 455 1642 534 volumini
1661 485 1753 560 prar-
1777 486 1793 538 r

259 541 344 618 bere
358 543 543 622 materiam
563 540 679 646 poffit.
730 543 831 620 Nam
849 546 1011 645 primum
1028 544 1191 647 ipsorum
1205 550 1411 628 animalium
1428 551 1546 632 vastus
1560 555 1610 634 est
1629 583 1755 638 uume-

228 647 230 657 ‘
258 666 333 738 rus,
351 641 700 724 &observationum
720 643 866 742 deinde,
880 669 964 744 quae
982 651 1075 722 circa
1095 648 1150 723 illa
1164 646 1300 726 institui
1315 649 1473 751 possunt,
1491 656 1605 758 longe
1625 661 1751 760 major.

257 744 424 839 Histrum
440 747 618 822 morsum
634 748 728 822 inter
744 767 898 842 veteres,
914 769 1050 846 praeter
1064 747 1262 848 AElianum,
1278 747 1416 852 scripsit
1435 758 1619 851 Arislorelas,
1647 751 1752 860 quod
1801 757 1803 772 ¹

101 844 173 942 ejus
184 841 509 946 praestantiffintum
525 843 637 946 Opus
655 843 722 922 esse
740 841 894 922 credunt
918 847 1041 941 multi3
1068 873 1239 952 magnam
1266 873 1365 926 certe
1388 858 1551 952 pecuniae
1575 862 1652 934 vim
1667 863 1750 940 Ale-

83 946 233 1035 ‚xander
255 944 308 1018 M.
325 944 362 1018 in
377 945 474 1020 illam
488 945 679 1045 impendit.
728 943 800 1020 Sed
814 946 927 1024 inilia
941 967 1062 1023 tamen
1083 950 1193 1026 multa
1213 948 1294 1026 sunt
1315 951 1461 1051 incerta,
1485 957 1596 1033 rbulta
1610 962 1750 1134 rqtio·

99 1045 202 1120 nibus
219 1041 388 1122 nonsatis
403 1043 533 1120 securis
545 1044 597 1122 ¹ad
612 1039 849 1126 Aristotelem
868 1069 1082 1146 pervenere,
1103 1072 1143 1125 ut
1159 1046 1239 1126 fieri
1252 1051 1470 1152 plerumque
1487 1058 1524 1130 in
1537 1081 1660 1157 promi
1676 1066 1751 1142 cuis
1851 1061 1861 1074 ”

99 1145 164 1222 illie
178 1143 489 1224 Anno'tationibus
506 1143 608 1224 solet.
659 1145 758 1250 Qut
772 1142 947 1224 babemus
962 1144 1057 1222 vasta
1072 1145 1201 1250 Opera
1217 1149 1482 1233 nonnullorum
1498 1155 1686 1238 Autotum
1699 1165 1751 1240 su-

99 1248 217 1346 perius
237 1245 378 1332 anobis
394 1265 566 1344 enarrata,
580 1245 637 1320 illa
652 1247 695 1322 in'
712 1247 839 1326 alienis
859 1245 897 1324 <ir
912 1250 1116 1349 peregrinis
1131 1250 1351 1352 plerumque
1374 1253 1572 1356 versantur,
1592 1259 1629 1336 ἃ
1646 1263 1751 1340 inuti·

98 1347 186 1422 libus
212 1345 399 1439 interdum
424 1345 695 1424 narratiunculis
721 1346 758 1430 ἀ
780 1345 955 1460 paginam
978 1368 1169 1448 utramque
1195 1351 1359 1452 implent.
1416 1356 1521 1456 Ulyffis
1544 1349 1769 1450 Aldrovandr,'

97 1443 176 1548 post
188 1445 307 1524 Conr.
323 1443 542 1545 Gesnerum,
556 1447 713 1524 maxima
725 1445 794 1526 fuit
807 1443 1003 1550 diligentia,
1023 1449 1062 1526 in
1077 1451 1173 1526 varia
1194 1449 1399 1530 eruditione
1420 1458 1511 1531 circa
1529 1481 1660 1536 omnes
1680 1467 1752 1540 ani·
1869 1519 1872 1524 ,

97 1547 241 1624 mulium
270 1543 405 1648 speeies
425 1543 670 1648 congerenda.
718 1546 811 1622 Sam.
835 1545 1075 1648 Bochartus,
1097 1557 1133 1622 in
1152 1555 1352 1636 Ηὼνοκοὶιο,
1381 1554 1543 1634 animalia
1562 1558 1595 1632 S.
1618 1559 1695 1638 Scri
1725 1587 1750 1641 t.

98 1669 297 1745 eorumque
314 1647 463 1724 nomina
478 1646 516 1722 u
530 1641 760 1745 differentias,
795 1646 989 1725 collatione
1016 1675 1101 1728 cum
1127 1651 1312 1730 veteribus
1332 1656 1668 1760 recentioribusque
1724 1668 1750 1741 i·
1825 1655 1829 1671 '

98 1744 229 1824 storiclt
248 1745 350 1840 fana,
371 1745 539 1824 recenset.
592 1747 758 1842 lusoriam
776 1747 936 1830 bscdt'cam
953 1755 1143 1838 ammaum,
1156 1774 1334 1851 quatenus
1351 1776 1398 1828 ex
1418 1755 1461 1832 iis
1485 1757 1748 1842 medicamenta

141 1871 265 1926 rantur
296 1844 433 1950 scripsit
447 1848 550 1922 meh.
567 1847 702 1930 venun
718 1847 843 1947 Busche,
857 1847 1034 1928 Bruxellis
1051 1852 1123 1931 An.
1146 1859 1247 1948 1669.
1264 1854 1302 1930 in
1323 1875 1395 1942 ato.
1446 1857 1533 1936 Nos
1556 1860 1654 1958 quali
1678 1886 1747 1966 per

98 1871 227 2025 sicem
258 1972 410 2045 amram,
423 1946 461 2024 ἃ
476 1947 638 2056 Autotee
649 1945 855 2038 nonnullos
871 1947 1097 2058 notabimus,
1109 1951 1201 2054 &,sr
1224 1955 1314 2052 quid
1336 1977 1513 2058 preterea
1534 1981 1662 2038 notatu
1695 1963 1748 2040 di-

100 2071 206 2150 gnum
225 2048 333 2126 nobis
348 2069 525 2125 occurret.
1407 2100 1445 2132 2

191 2149 361 2247 Piscium,
374 2169 414 2224 ut
427 2146 512 2224 inde
528 2149 754 2251 incipiamus
768 2144 959 2228 historiam
969 2147 1178 2250 persecutus
1195 2148 1245 2228 est
1257 2151 1385 2230 Guilb.
1407 2155 1666 2260 Ronderetius,
1692 2167 1786 2242 uriz

101 2246 381 2371 &Hippolytus
402 2247 652 2346 Salvianusin
665 2249 851 2351 aquatilium
872 2252 1051 2322 animalium
1076 2249 1217 2346 butria,
1256 2277 1339 2351 quae
1361 2255 1494 2332 Romae
1516 2283 1614 2336 anno
1641 2281 1681 2360 [ς
1691 2289 1746 2364 54

127 2349 251 2428 rodiit.
291 2346 439 2451 beripfit
454 2347 492 2426 ἃ
509 2347 780 2444 Paulusjoviu't
799 2347 979 2528 dgqs'ciius
992 2353 1142 2424 Romanis
1166 2351 1362 2440 Traliaram,
1378 2359 1443 2454 qui
1459 2381 1559 2436 rarus
1579 2359 1638 2436 est,
1673 2365 1747 2442 Ηι.

100 2371 219 2527 Eamus
234 2453 345 2528 eriam
363 2474 384 2526 e
401 2448 585 2526 veteribus
605 2448 811 2561 fragmenta
869 2448 968 2532 vidii.
1019 2447 1091 2524 Sed
1106 2449 1278 2552 pleraque
1294 2477 1460 2534 veterum
1476 2461 1514 2536 in
1526 2449 1677 2541 vbilloria
1692 2469 1746 2568 pi·

24 2637 26 2642 ,
99 2545 199 2627 scium
215 2549 474 2640 obscurasunt.
525 2549 686 2628 Antores
705 2573 835 2629 ornnes
853 2548 900 2624 de
943 2547 1121 2648 iscarione,
1137 2573 1279 2630 veteres
1300 2555 1338 2632 δι
1364 2561 1598 2661 recentiores
1615 2565 1745 2644 Herm.

101 2646 323 2756 Conringius
340 2649 457 2754 nuper
468 2648 638 2754 lingulati
652 2652 841 2728 volumine
854 2575 1011 2752 celsis‘git.
1062 2649 1121 2762 De
1142 2657 1271 2730 Baianis
1290 2680 1485 2757 earumque
1499 2684 1660 2764 captura,
1682 2668 1746 2744 ob.
1842 2692 1845 2710 ι

101 2745 315 2829 servationes
334 2752 508 2855 leguntur
520 2761 553 2823 in
571 2752 657 2826 Aeris
672 2753 808 2853 Anglt'cr's
815 2771 888 2850 pag.
907 2775 964 2843 232.
985 2776 1025 2826 ac
1050 2753 1250 2827 meminere
1276 2753 1401 2854 passim
1425 2759 1629 2859 piscationis
1650 2765 1747 2845 istius
1818 2803 1822 2808 .

101 2848 361 2928 itinerariorum
388 2849 412 2926 s
454 2852 725 2928 tentrionalium
751 2849 968 2950 Scriptores.
1019 2847 1079 2926 De
1099 2854 1247 2954 Harango
1270 2878 1536 2936 commentatus
1553 2861 1602 2938 est
1618 2867 1746 2944 Paulus

102 2947 383 3050 Neucranrzius,
440 2948 563 3030 edicus
580 2950 714 3030 Lubec.
762 2947 820 3026 De
834 2953 957 3052 Vipcris
971 2950 1167 3052 peculiares
1181 2952 1295 3030 libros
1310 2952 1478 3056 scripsere
1494 2959 1618 3038 Moses
1631 2963 1746 3042 Chat·
1867 3045 1870 3050 ,

102 3052 365 3130 tacueramus
379 3051 551 3130 Aurelius
563 3051 769 3150 Severinus,
786 3049 852 3150 qui
867 3048 913 3124 de
929 3051 1064 3126 virtute
1078 3049 1153 3126 salis
1169 3053 1327 3154 viperini
1345 3057 1461 3135 multa
1485 3062 1610 3138 attulit.
1661 3065 1747 3142 Edi·
1766 3127 1771 3135 .

104 3147 152 3228 dit
171 3153 207 3230 δι
224 3151 432 3230 Franciscus
455 3151 607 3230 Rhodus
620 3159 844 3255 Expnimmta
861 3149 1040 3252 denpms.
1091 3147 1150 3226 De
1177 3157 1274 3226 Carvo
1294 3177 1418 3234 extant
1442 3158 1480 3231 T
1482 3157 1634 3240 taslatus
1654 3166 1750 3242 Ger·

105 3255 255 3330 manitus
269 3253 561 3356 lobAgtieolae,
585 3255 806 3350 Latinosque
823 3249 1170 3345 Joh.Andr.Grabii
1192 3277 1237 3328 ex
1246 3255 1441 3332 Academia
1451 3259 1690 3341 ,curiosorum
1693 3270 1732 3364 ff
1735 3269 1749 3367 l

104 3345 156 3426 De
170 3353 317 3428 linibus
334 3359 525 3456 uoruagat's
538 3354 704 3430 Thomas
714 3351 953 3430 vBartholinns
969 3349 1116 3452 scripsit.
1208 3359 1349 3456 quuia
1365 3380 1495 3436 eorum
1509 3385 1633 3440 natura
1649 3366 1686 3442 bt
1699 3371 1754 3444 in«
1857 3387 1861 3400 ·
1956 3355 1957 3362 '

106 3447 193 3549 dole,
206 3457 351 3556 prolixe
362 3477 480 3556 agunt
498 3457 674 3552 Antores,
690 3455 848 3550 quirem
870 3448 1073 3548 equestrem
1088 3450 1305 3552 describunt,
1322 3480 1362 3532 ac
1376 3479 1492 3534 artem
1508 3459 1684 3540 domandi
1697 3493 1751 3546 ca·
1821 3477 1823 3482 ’

102 3545 211 3642 ,ballos
227 3554 388 3670 tradunt,
406 3553 521 3654 qualis
536 3551 587 3632 esl
597 3551 687 3632 Ant.
704 3552 888 3631 Ferrarius
902 3553 941 3628 in
954 3547 1033 3628 Lib.
1049 3552 1195 3631 Italico:
1222 3555 1342 3644 Cauab
1355 3560 1514 3646 imario,
1526 3565 1657 3643 ¹Vener.
1677 3568 1748 3645 An.

111 3667 268 3830 1629Βὲ
274 3653 511 3841 fficiam,
526 3751 697 3832 minisltis
709 3751 859 3850 avibus,
882 3769 1008 3830 extant
1026 3716 1167 3854 integri
1192 3776 1359 3832 veterum
1389 3755 1490 3858 libri,
1522 3763 1587 3860 qui
1607 3766 1750 3846 collesii
1770 3779 1790 3850 3

107 3873 178 3927 uno
193 3855 382 3932 volumine
399 3855 616 3956 prodierunt
629 3855 781 3932 Lutetiae
805 3853 1003 3935 An.,r612.
1024 3855 1061 3926 iu
1078 3875 1144 3950 4to
1169 3851 1232 3928 sub
1255 3858 1360 3934 titulo
1387 3863 1653 3963 Ἱερακοσοφικόν,
1675 3867 1751 3946 sive

111 3954 163 4024 ear
187 3964 391 4058 accr'pr'rrarir
408 3955 591 4061 scriptores.
616 3951 798 4056 'Accessit
813 3953 852 4030 ὃ(
874 3955 1091 4060 antinomia,
1118 3951 1193 4030 live
1220 3954 1298 4028 liber
1311 3955 1350 4032 dc
1382 3985 1461 4032 cura
1489 3988 1614 4052 canum,
1634 3971 1689 4045 uti
1714 3971 1753 4050 &
1861 3965 1874 4018 f

1684 4069 1756 4164 Jac.

144 4251 200 4335 ff)
217 4257 367 4344 Perpetem
379 4255 409 4318 h.
419 4257 438 4318 l.
452 4253 521 4345 Olai
535 4257 672 4336 Wormii,
686 4255 763 4346 Pros.
778 4256 885 4320 Medici
896 4253 1067 4332 ,Humanis
1081 4241 1204 4336 Istiloria
1214 4257 1314 4322 Muris
1325 4263 1354 4322 in
1366 4261 1517 4352 Nornragr‘a
1529 4252 1756 4349 depumnmiaf-

118 4357 121 4364 ’
151 4349 181 4362 ”
231 4345 286 4404 niae
300 4365 344 4404 an.
365 4341 453 4426 1653.
469 4345 499 4403 itt
512 4361 540 4424 4.
555 4343 630 4403 edita
643 4343 768 4404 Thamar.
784 4343 917 4406 rtrlauitur
930 4341 1106 4421 bartholino,
1126 4345 1245 4408 Autoris
1259 4345 1396 4436 Collega,
1412 4354 1463 4434 qui
1487 4351 1526 4415 de
1543 4354 1681 4418 Muribus
1698 4356 1757 4422 istis

229 4430 368 4511 peculiare
384 4430 528 4510 Scriptum
548 4427 623 4491 haud
639 4429 799 4511 publicarit
1183 4441 1194 4450 '
1311 4465 1314 4472 ·
1775 4447 1779 4452 ·

121 4535 331 4656 v'Tontll
502 4657 508 4667 '
887 4658 892 4667 .
1041 4541 1184 4643 (Kkk)
1287 4549 1304 4562 “
