<?xml version="1.0" encoding="UTF-8"?>
<!DOCTYPE html PUBLIC "-//W3C//DTD XHTML 1.0 Transitional//EN"
    "http://www.w3.org/TR/xhtml1/DTD/xhtml1-transitional.dtd">
<html xmlns="http://www.w3.org/1999/xhtml" xml:lang="en" lang="en">
 <head>
  <title>
</title>
<meta http-equiv="Content-Type" content="text/html;charset=utf-8" />
  <meta name='ocr-system' content='tesseract 3.04.00' />
  <meta name='ocr-capabilities' content='ocr_page ocr_carea ocr_par ocr_line ocrx_word'/>
</head>
<body>
  <div class='ocr_page' id='page_1' title='image "./polyhistorliter01mollgoog/polyhistorliter01mollgoog_0280.png"; bbox 0 0 3972 5226; ppageno 0'>
   <div class='ocr_carea' id='block_1_1' title="bbox 369 200 1732 390">
    <p class='ocr_par' dir='ltr' id='par_1_1' title="bbox 369 200 1732 390">
     <span class='ocr_line' id='line_1_1' title="bbox 369 200 1732 390; baseline -0.018 -21"><span class='ocrx_word' id='word_1_1' title='bbox 369 287 450 390; x_wconf 80' lang='lat' dir='ltr'><strong>Cap.</strong></span> <span class='ocrx_word' id='word_1_2' title='bbox 461 279 534 367; x_wconf 77' lang='lat' dir='ltr'><strong>ili.</strong></span> <span class='ocrx_word' id='word_1_3' title='bbox 549 281 607 364; x_wconf 81' lang='lat' dir='ltr'><strong>De</strong></span> <span class='ocrx_word' id='word_1_4' title='bbox 619 274 763 382; x_wconf 77' lang='lat' dir='ltr'><strong>Physica</strong></span> <span class='ocrx_word' id='word_1_5' title='bbox 778 271 947 382; x_wconf 76' lang='lat' dir='ltr'><strong>Mostaica,</strong></span> <span class='ocrx_word' id='word_1_6' title='bbox 962 272 1107 377; x_wconf 79' lang='lat' dir='ltr'><strong>ejusque</strong></span> <span class='ocrx_word' id='word_1_7' title='bbox 1119 271 1368 389; x_wconf 74' lang='lat' dir='ltr'><strong>Imerpreribrrt</strong></span> <span class='ocrx_word' id='word_1_8' title='bbox 1380 273 1450 370; x_wconf 59' lang='lat' dir='ltr'><strong>&amp;ci</strong></span> <span class='ocrx_word' id='word_1_9' title='bbox 1510 304 1513 308; x_wconf 89' lang='lat'>·</span> <span class='ocrx_word' id='word_1_10' title='bbox 1590 200 1598 204; x_wconf 14' lang='grc' dir='ltr'><strong><em>ἡ</em></strong></span> <span class='ocrx_word' id='word_1_11' title='bbox 1661 221 1732 378; x_wconf 55' lang='lat' dir='ltr'><strong>frn3</strong></span> 
     </span>
    </p>
   </div>
   <div class='ocr_carea' id='block_1_2' title="bbox 25 429 1883 3012">
    <p class='ocr_par' dir='ltr' id='par_1_2' title="bbox 89 429 1883 1992">
     <span class='ocr_line' id='line_1_2' title="bbox 94 429 1738 635; baseline -0.009 -80"><span class='ocrx_word' id='word_1_12' title='bbox 94 471 301 579; x_wconf 81' lang='lat' dir='ltr'><strong>tricem,·seu</strong></span> <span class='ocrx_word' id='word_1_13' title='bbox 313 495 399 576; x_wconf 74' lang='lat' dir='ltr'><strong>quc</strong></span> <span class='ocrx_word' id='word_1_14' title='bbox 412 495 458 549; x_wconf 83' lang='lat' dir='ltr'><strong>ex</strong></span> <span class='ocrx_word' id='word_1_15' title='bbox 472 466 705 548; x_wconf 86' lang='lat' dir='ltr'><strong>interioribus</strong></span> <span class='ocrx_word' id='word_1_16' title='bbox 722 458 889 577; x_wconf 89' lang='lat' dir='ltr'><strong>corporis</strong></span> <span class='ocrx_word' id='word_1_17' title='bbox 904 456 975 536; x_wconf 90' lang='lat' dir='ltr'><strong>sese</strong></span> <span class='ocrx_word' id='word_1_18' title='bbox 988 456 1096 635; x_wconf 70' lang='lat' dir='ltr'><strong>apitat</strong></span> <span class='ocrx_word' id='word_1_19' title='bbox 1118 451 1238 538; x_wconf 82' lang='lat' dir='ltr'><strong>versus</strong></span> <span class='ocrx_word' id='word_1_20' title='bbox 1252 458 1511 562; x_wconf 70' lang='lat' dir='ltr'><strong>peripheriama</strong></span> <span class='ocrx_word' id='word_1_21' title='bbox 1536 429 1646 563; x_wconf 71' lang='lat' dir='ltr'><strong>uuam</strong></span> <span class='ocrx_word' id='word_1_22' title='bbox 1659 465 1738 541; x_wconf 85' lang='lat' dir='ltr'><strong>eri·</strong></span> 
     </span>
     <span class='ocr_line' id='line_1_3' title="bbox 93 561 1738 678; baseline -0.016 -11"><span class='ocrx_word' id='word_1_23' title='bbox 93 586 281 666; x_wconf 87' lang='lat' dir='ltr'><strong>brationem</strong></span> <span class='ocrx_word' id='word_1_24' title='bbox 295 574 457 667; x_wconf 80' lang='lat' dir='ltr'><strong>ociorem</strong></span> <span class='ocrx_word' id='word_1_25' title='bbox 472 569 576 664; x_wconf 85' lang='lat' dir='ltr'><strong>dicit,</strong></span> <span class='ocrx_word' id='word_1_26' title='bbox 591 567 651 646; x_wconf 87' lang='lat' dir='ltr'><strong>vel</strong></span> <span class='ocrx_word' id='word_1_27' title='bbox 664 561 985 650; x_wconf 86' lang='lat' dir='ltr'><strong>intruvrbraticem,</strong></span> <span class='ocrx_word' id='word_1_28' title='bbox 1012 583 1071 638; x_wconf 88' lang='lat' dir='ltr'><strong>rve</strong></span> <span class='ocrx_word' id='word_1_29' title='bbox 1093 585 1173 662; x_wconf 83' lang='lat' dir='ltr'><strong>quae</strong></span> <span class='ocrx_word' id='word_1_30' title='bbox 1188 561 1321 678; x_wconf 82' lang='lat' dir='ltr'><strong>corpus</strong></span> <span class='ocrx_word' id='word_1_31' title='bbox 1347 561 1493 662; x_wconf 76' lang='lat' dir='ltr'><strong>ingressa</strong></span> <span class='ocrx_word' id='word_1_32' title='bbox 1513 586 1593 666; x_wconf 82' lang='lat' dir='ltr'><strong>agat</strong></span> <span class='ocrx_word' id='word_1_33' title='bbox 1606 564 1642 642; x_wconf 88' lang='lat' dir='ltr'><strong>se</strong></span> <span class='ocrx_word' id='word_1_34' title='bbox 1657 589 1738 644; x_wconf 87' lang='lat' dir='ltr'><strong>ver·</strong></span> 
     </span>
     <span class='ocr_line' id='line_1_4' title="bbox 93 660 1739 772; baseline -0.016 -4"><span class='ocrx_word' id='word_1_35' title='bbox 93 693 139 772; x_wconf 88' lang='lat' dir='ltr'><strong>sus</strong></span> <span class='ocrx_word' id='word_1_36' title='bbox 151 682 330 767; x_wconf 85' lang='lat' dir='ltr'><strong>interiora,</strong></span> <span class='ocrx_word' id='word_1_37' title='bbox 344 677 417 755; x_wconf 88' lang='lat' dir='ltr'><strong>srve</strong></span> <span class='ocrx_word' id='word_1_38' title='bbox 434 689 602 754; x_wconf 86' lang='lat' dir='ltr'><strong>centrum</strong></span> <span class='ocrx_word' id='word_1_39' title='bbox 615 667 793 772; x_wconf 88' lang='lat' dir='ltr'><strong>corporis,</strong></span> <span class='ocrx_word' id='word_1_40' title='bbox 810 661 909 742; x_wconf 88' lang='lat' dir='ltr'><strong>unde</strong></span> <span class='ocrx_word' id='word_1_41' title='bbox 931 660 1045 764; x_wconf 85' lang='lat' dir='ltr'><strong>frigus</strong></span> <span class='ocrx_word' id='word_1_42' title='bbox 1065 669 1105 740; x_wconf 92' lang='lat' dir='ltr'><strong>irr</strong></span> <span class='ocrx_word' id='word_1_43' title='bbox 1125 662 1341 764; x_wconf 81' lang='lat' dir='ltr'><strong>corporibus</strong></span> <span class='ocrx_word' id='word_1_44' title='bbox 1355 662 1444 740; x_wconf 91' lang='lat' dir='ltr'><strong>oriri</strong></span> <span class='ocrx_word' id='word_1_45' title='bbox 1469 663 1594 746; x_wconf 84' lang='lat' dir='ltr'><strong>asserit.</strong></span> <span class='ocrx_word' id='word_1_46' title='bbox 1633 665 1739 770; x_wconf 79' lang='lat' dir='ltr'><strong>-Qae</strong></span> 
     </span>
     <span class='ocr_line' id='line_1_5' title="bbox 92 763 1738 874; baseline -0.016 -4"><span class='ocrx_word' id='word_1_47' title='bbox 92 787 262 871; x_wconf 76' lang='lat' dir='ltr'><strong>distinslio</strong></span> <span class='ocrx_word' id='word_1_48' title='bbox 276 801 472 860; x_wconf 84' lang='lat' dir='ltr'><strong>veteorne</strong></span> <span class='ocrx_word' id='word_1_49' title='bbox 486 802 506 854; x_wconf 92' lang='lat' dir='ltr'><strong>a</strong></span> <span class='ocrx_word' id='word_1_50' title='bbox 522 772 645 852; x_wconf 83' lang='lat' dir='ltr'><strong>multis</strong></span> <span class='ocrx_word' id='word_1_51' title='bbox 660 771 906 874; x_wconf 83' lang='lat' dir='ltr'><strong>impugnetur,</strong></span> <span class='ocrx_word' id='word_1_52' title='bbox 920 763 1081 866; x_wconf 81' lang='lat' dir='ltr'>inprimis</span> <span class='ocrx_word' id='word_1_53' title='bbox 1099 763 1361 842; x_wconf 88' lang='lat' dir='ltr'><strong>recentioribus</strong></span> <span class='ocrx_word' id='word_1_54' title='bbox 1382 763 1462 864; x_wconf 89' lang='lat' dir='ltr'><strong>illis,</strong></span> <span class='ocrx_word' id='word_1_55' title='bbox 1474 767 1536 868; x_wconf 91' lang='lat' dir='ltr'><strong>qui</strong></span> <span class='ocrx_word' id='word_1_56' title='bbox 1552 766 1662 846; x_wconf 88' lang='lat' dir='ltr'><strong>Lucis</strong></span> <span class='ocrx_word' id='word_1_57' title='bbox 1678 793 1738 845; x_wconf 87' lang='lat' dir='ltr'><strong>na-</strong></span> 
     </span>
     <span class='ocr_line' id='line_1_6' title="bbox 91 863 1743 978; baseline -0.016 -5"><span class='ocrx_word' id='word_1_58' title='bbox 91 918 194 974; x_wconf 86' lang='lat' dir='ltr'><strong>turam</strong></span> <span class='ocrx_word' id='word_1_59' title='bbox 206 902 359 967; x_wconf 86' lang='lat' dir='ltr'><strong>omnem</strong></span> <span class='ocrx_word' id='word_1_60' title='bbox 374 881 413 958; x_wconf 96' lang='lat' dir='ltr'><strong>in</strong></span> <span class='ocrx_word' id='word_1_61' title='bbox 430 898 536 978; x_wconf 89' lang='lat' dir='ltr'><strong>motu</strong></span> <span class='ocrx_word' id='word_1_62' title='bbox 547 898 750 977; x_wconf 85' lang='lat' dir='ltr'><strong>corporum</strong></span> <span class='ocrx_word' id='word_1_63' title='bbox 766 887 871 950; x_wconf 88' lang='lat' dir='ltr'><strong>certo</strong></span> <span class='ocrx_word' id='word_1_64' title='bbox 887 866 1133 956; x_wconf 87' lang='lat' dir='ltr'><strong>constituunt,</strong></span> <span class='ocrx_word' id='word_1_65' title='bbox 1153 889 1196 943; x_wconf 85' lang='lat' dir='ltr'><strong>ac</strong></span> <span class='ocrx_word' id='word_1_66' title='bbox 1212 864 1302 943; x_wconf 86' lang='lat' dir='ltr'>nihil</span> <span class='ocrx_word' id='word_1_67' title='bbox 1322 865 1371 940; x_wconf 87' lang='lat' dir='ltr'><strong>illi</strong></span> <span class='ocrx_word' id='word_1_68' title='bbox 1391 863 1588 946; x_wconf 70' lang='lat' dir='ltr'><strong>substantie</strong></span> <span class='ocrx_word' id='word_1_69' title='bbox 1607 867 1743 948; x_wconf 78' lang='lat' dir='ltr'><strong>subesse</strong></span> 
     </span>
     <span class='ocr_line' id='line_1_7' title="bbox 89 964 1740 1084; baseline -0.03 -8"><span class='ocrx_word' id='word_1_70' title='bbox 89 994 290 1078; x_wconf 74' lang='lat' dir='ltr'><strong>existimant</strong></span> <span class='ocrx_word' id='word_1_71' title='bbox 341 980 501 1062; x_wconf 82' lang='lat' dir='ltr'><strong>Eandem</strong></span> <span class='ocrx_word' id='word_1_72' title='bbox 519 977 638 1056; x_wconf 88' lang='lat' dir='ltr'><strong>lucem</strong></span> <span class='ocrx_word' id='word_1_73' title='bbox 653 975 795 1065; x_wconf 87' lang='lat' dir='ltr'><strong>iterum,</strong></span> <span class='ocrx_word' id='word_1_74' title='bbox 810 966 950 1046; x_wconf 88' lang='lat' dir='ltr'><strong>ratione</strong></span> <span class='ocrx_word' id='word_1_75' title='bbox 972 964 1223 1060; x_wconf 77' lang='lat' dir='ltr'><strong>subiesiorum,</strong></span> <span class='ocrx_word' id='word_1_76' title='bbox 1242 964 1377 1046; x_wconf 90' lang='lat' dir='ltr'><strong>dividit</strong></span> <span class='ocrx_word' id='word_1_77' title='bbox 1389 991 1485 1084; x_wconf 86' lang='lat' dir='ltr'><strong>petre</strong></span> <span class='ocrx_word' id='word_1_78' title='bbox 1506 969 1641 1047; x_wconf 85' lang='lat' dir='ltr'><strong>eodem</strong></span> <span class='ocrx_word' id='word_1_79' title='bbox 1659 995 1740 1049; x_wconf 89' lang='lat' dir='ltr'><strong>mo.</strong></span> 
     </span>
     <span class='ocr_line' id='line_1_8' title="bbox 90 1067 1741 1198; baseline -0.022 -26"><span class='ocrx_word' id='word_1_80' title='bbox 90 1099 143 1190; x_wconf 86' lang='lat' dir='ltr'><strong>do,</strong></span> <span class='ocrx_word' id='word_1_81' title='bbox 157 1119 233 1198; x_wconf 87' lang='lat' dir='ltr'><strong>quo</strong></span> <span class='ocrx_word' id='word_1_82' title='bbox 248 1084 388 1166; x_wconf 84' lang='lat' dir='ltr'><strong>massam</strong></span> <span class='ocrx_word' id='word_1_83' title='bbox 403 1081 440 1160; x_wconf 85' lang='grc' dir='ltr'><strong>8ι</strong></span> <span class='ocrx_word' id='word_1_84' title='bbox 456 1074 816 1182; x_wconf 77' lang='lat' dir='ltr'><strong>spiritum-diviserat3</strong></span> <span class='ocrx_word' id='word_1_85' title='bbox 840 1067 1075 1170; x_wconf 73' lang='lat' dir='ltr'><strong>quaomnia,</strong></span> <span class='ocrx_word' id='word_1_86' title='bbox 1098 1091 1144 1144; x_wconf 88' lang='lat' dir='ltr'><strong>an</strong></span> <span class='ocrx_word' id='word_1_87' title='bbox 1159 1090 1238 1143; x_wconf 90' lang='lat' dir='ltr'><strong>non</strong></span> <span class='ocrx_word' id='word_1_88' title='bbox 1254 1067 1412 1171; x_wconf 82' lang='lat' dir='ltr'><strong>Spiritui,</strong></span> <span class='ocrx_word' id='word_1_89' title='bbox 1434 1093 1597 1150; x_wconf 81' lang='lat' dir='ltr'><strong>naturam</strong></span> <span class='ocrx_word' id='word_1_90' title='bbox 1612 1071 1741 1174; x_wconf 70' lang='lat' dir='ltr'><strong>impes.</strong></span> 
     </span>
     <span class='ocr_line' id='line_1_9' title="bbox 90 1166 1741 1282; baseline -0.02 -1"><span class='ocrx_word' id='word_1_91' title='bbox 90 1197 219 1280; x_wconf 80' lang='lat' dir='ltr'><strong>lenti&amp;</strong></span> <span class='ocrx_word' id='word_1_92' title='bbox 236 1188 417 1273; x_wconf 85' lang='lat' dir='ltr'><strong>moventi,</strong></span> <span class='ocrx_word' id='word_1_93' title='bbox 427 1181 539 1264; x_wconf 85' lang='lat' dir='ltr'><strong>tribui</strong></span> <span class='ocrx_word' id='word_1_94' title='bbox 552 1175 697 1282; x_wconf 65' lang='lat' dir='ltr'><strong>possut,</strong></span> <span class='ocrx_word' id='word_1_95' title='bbox 708 1169 896 1278; x_wconf 73' lang='lat' dir='ltr'><strong>dispiciant</strong></span> <span class='ocrx_word' id='word_1_96' title='bbox 908 1169 973 1246; x_wconf 86' lang='lat' dir='ltr'><strong>alii.</strong></span> <span class='ocrx_word' id='word_1_97' title='bbox 1024 1171 1120 1246; x_wconf 91' lang='lat' dir='ltr'><strong>Nam</strong></span> <span class='ocrx_word' id='word_1_98' title='bbox 1135 1189 1234 1246; x_wconf 88' lang='lat' dir='ltr'><strong>certe</strong></span> <span class='ocrx_word' id='word_1_99' title='bbox 1247 1166 1345 1249; x_wconf 87' lang='lat' dir='ltr'><strong>inter</strong></span> <span class='ocrx_word' id='word_1_100' title='bbox 1359 1170 1741 1274; x_wconf 86' lang='lat' dir='ltr'><strong>principiatorpotum</strong></span> 
     </span>
     <span class='ocr_line' id='line_1_10' title="bbox 90 1267 1741 1383; baseline -0.022 -1"><span class='ocrx_word' id='word_1_101' title='bbox 90 1299 314 1383; x_wconf 81' lang='lat' dir='ltr'><strong>constitutiva</strong></span> <span class='ocrx_word' id='word_1_102' title='bbox 328 1277 816 1372; x_wconf 70' lang='lat' dir='ltr'><strong>utnumetenusmulla-nos</strong></span> <span class='ocrx_word' id='word_1_103' title='bbox 830 1267 1135 1370; x_wconf 79' lang='lat' dir='ltr'><strong>necessitascogit,</strong></span> <span class='ocrx_word' id='word_1_104' title='bbox 1150 1271 1495 1372; x_wconf 77' lang='lat' dir='ltr'><strong>atqueomne&#39;sistas</strong></span> <span class='ocrx_word' id='word_1_105' title='bbox 1510 1275 1741 1376; x_wconf 80' lang='lat' dir='ltr'><strong>operationes</strong></span> 
     </span>
     <span class='ocr_line' id='line_1_11' title="bbox 91 1372 1818 1508; baseline -0.019 -28"><span class='ocrx_word' id='word_1_106' title='bbox 91 1399 244 1508; x_wconf 76' lang='lat' dir='ltr'><strong>speciales</strong></span> <span class='ocrx_word' id='word_1_107' title='bbox 258 1397 420 1490; x_wconf 80' lang='lat' dir='ltr'><strong>jamtum</strong></span> <span class='ocrx_word' id='word_1_108' title='bbox 436 1384 611 1464; x_wconf 84' lang='lat' dir='ltr'><strong>tribuerat</strong></span> <span class='ocrx_word' id='word_1_109' title='bbox 626 1377 760 1481; x_wconf 90' lang='lat' dir='ltr'><strong>spiritui</strong></span> <span class='ocrx_word' id='word_1_110' title='bbox 776 1381 944 1468; x_wconf 85' lang='lat' dir='ltr'><strong>Bayerus.</strong></span> <span class='ocrx_word' id='word_1_111' title='bbox 992 1372 1089 1448; x_wconf 87' lang='lat' dir='ltr'><strong>Nam</strong></span> <span class='ocrx_word' id='word_1_112' title='bbox 1104 1380 1223 1447; x_wconf 64' lang='lat' dir='ltr'><strong>fixione</strong></span> <span class='ocrx_word' id='word_1_113' title='bbox 1239 1377 1294 1448; x_wconf 86' lang='lat' dir='ltr'><strong>ult.</strong></span> <span class='ocrx_word' id='word_1_114' title='bbox 1312 1396 1377 1474; x_wconf 84' lang='lat' dir='ltr'><strong>cap.</strong></span> <span class='ocrx_word' id='word_1_115' title='bbox 1385 1401 1419 1467; x_wconf 75' lang='lat'><strong>3·</strong></span> <span class='ocrx_word' id='word_1_116' title='bbox 1434 1396 1455 1450; x_wconf 84' lang='lat' dir='ltr'><strong>a</strong></span> <span class='ocrx_word' id='word_1_117' title='bbox 1469 1373 1551 1452; x_wconf 89' lang='lat' dir='ltr'><strong>luce</strong></span> <span class='ocrx_word' id='word_1_118' title='bbox 1567 1382 1743 1477; x_wconf 82' lang='lat' dir='ltr'><strong>proveni·</strong></span> <span class='ocrx_word' id='word_1_119' title='bbox 1814 1403 1818 1410; x_wconf 53' lang='lat'><em>¹</em></span> 
     </span>
     <span class='ocr_line' id='line_1_12' title="bbox 89 1471 1743 1596; baseline -0.023 -12"><span class='ocrx_word' id='word_1_120' title='bbox 89 1533 121 1585; x_wconf 87' lang='lat' dir='ltr'><strong>rc</strong></span> <span class='ocrx_word' id='word_1_121' title='bbox 133 1503 221 1581; x_wconf 88' lang='lat' dir='ltr'><strong>dicit</strong></span> <span class='ocrx_word' id='word_1_122' title='bbox 236 1491 516 1596; x_wconf 78' lang='lat' dir='ltr'><strong>Dispositioncm</strong></span> <span class='ocrx_word' id='word_1_123' title='bbox 532 1481 570 1561; x_wconf 80' lang='lat' dir='ltr'><strong>dt</strong></span> <span class='ocrx_word' id='word_1_124' title='bbox 587 1479 769 1562; x_wconf 83' lang='lat' dir='ltr'><strong>Ordinem</strong></span> <span class='ocrx_word' id='word_1_125' title='bbox 791 1476 904 1556; x_wconf 90' lang='lat' dir='ltr'><strong>totius</strong></span> <span class='ocrx_word' id='word_1_126' title='bbox 929 1471 1070 1587; x_wconf 70' lang='lat' dir='ltr'><strong>mundi,</strong></span> <span class='ocrx_word' id='word_1_127' title='bbox 1092 1472 1193 1574; x_wconf 91' lang='lat' dir='ltr'><strong>quod</strong></span> <span class='ocrx_word' id='word_1_128' title='bbox 1216 1471 1291 1573; x_wconf 89' lang='lat' dir='ltr'><strong>ipse</strong></span> <span class='ocrx_word' id='word_1_129' title='bbox 1310 1471 1379 1567; x_wconf 80' lang='lat' dir='ltr'><strong>iam</strong></span> <span class='ocrx_word' id='word_1_130' title='bbox 1401 1472 1449 1550; x_wconf 86' lang='lat' dir='ltr'><strong>de</strong></span> <span class='ocrx_word' id='word_1_131' title='bbox 1471 1474 1603 1578; x_wconf 91' lang='lat' dir='ltr'><strong>Spiritu</strong></span> <span class='ocrx_word' id='word_1_132' title='bbox 1621 1511 1625 1518; x_wconf 85' lang='lat'><em>-</em></span> <span class='ocrx_word' id='word_1_133' title='bbox 1642 1475 1743 1556; x_wconf 82' lang='lat' dir='ltr'><strong>vitali</strong></span> 
     </span>
     <span class='ocr_line' id='line_1_13' title="bbox 91 1573 1786 1694; baseline -0.021 -6"><span class='ocrx_word' id='word_1_134' title='bbox 91 1606 324 1688; x_wconf 77' lang='lat' dir='ltr'><strong>affirmaverat,</strong></span> <span class='ocrx_word' id='word_1_135' title='bbox 339 1602 379 1674; x_wconf 88' lang='lat' dir='ltr'><strong>in</strong></span> <span class='ocrx_word' id='word_1_136' title='bbox 394 1587 575 1694; x_wconf 79' lang='lat' dir='ltr'><strong>prioribus</strong></span> <span class='ocrx_word' id='word_1_137' title='bbox 589 1606 671 1684; x_wconf 80' lang='lat' dir='ltr'><strong>capp·</strong></span> <span class='ocrx_word' id='word_1_138' title='bbox 681 1613 711 1674; x_wconf 88' lang='lat'><strong>4·</strong></span> <span class='ocrx_word' id='word_1_139' title='bbox 720 1604 753 1670; x_wconf 63' lang='lat'><strong>5»</strong></span> <span class='ocrx_word' id='word_1_140' title='bbox 768 1592 795 1654; x_wconf 71' lang='grc' dir='ltr'><strong>ό·</strong></span> <span class='ocrx_word' id='word_1_141' title='bbox 813 1602 840 1664; x_wconf 91' lang='lat'><strong>7·</strong></span> <span class='ocrx_word' id='word_1_142' title='bbox 858 1595 888 1656; x_wconf 84' lang='lat'><strong>8·</strong></span> <span class='ocrx_word' id='word_1_143' title='bbox 899 1603 932 1668; x_wconf 78' lang='lat'><strong>9·</strong></span> <span class='ocrx_word' id='word_1_144' title='bbox 975 1575 1090 1689; x_wconf 65' lang='lat' dir='ltr'><strong>⁸Vana</strong></span> <span class='ocrx_word' id='word_1_145' title='bbox 1104 1573 1212 1652; x_wconf 88' lang='lat' dir='ltr'><strong>etiam</strong></span> <span class='ocrx_word' id='word_1_146' title='bbox 1226 1580 1347 1675; x_wconf 84' lang='lat' dir='ltr'><strong>ponit,</strong></span> <span class='ocrx_word' id='word_1_147' title='bbox 1396 1599 1451 1650; x_wconf 82' lang='lat' dir='ltr'><strong>uae</strong></span> <span class='ocrx_word' id='word_1_148' title='bbox 1466 1579 1524 1655; x_wconf 83' lang='lat' dir='ltr'><strong>vel</strong></span> <span class='ocrx_word' id='word_1_149' title='bbox 1534 1574 1743 1682; x_wconf 87' lang='lat' dir='ltr'><strong>principio·</strong></span> <span class='ocrx_word' id='word_1_150' title='bbox 1780 1585 1786 1594; x_wconf 83' lang='grc'><em>’</em></span> 
     </span>
     <span class='ocr_line' id='line_1_14' title="bbox 90 1600 1744 1794; baseline -0.019 -5"><span class='ocrx_word' id='word_1_151' title='bbox 90 1735 160 1789; x_wconf 91' lang='lat' dir='ltr'><strong>rum</strong></span> <span class='ocrx_word' id='word_1_152' title='bbox 171 1703 244 1783; x_wconf 85' lang='lat' dir='ltr'><strong>else</strong></span> <span class='ocrx_word' id='word_1_153' title='bbox 259 1703 345 1777; x_wconf 88' lang='lat' dir='ltr'><strong>loco</strong></span> <span class='ocrx_word' id='word_1_154' title='bbox 360 1691 448 1784; x_wconf 89' lang='lat' dir='ltr'><strong>vult,</strong></span> <span class='ocrx_word' id='word_1_155' title='bbox 466 1689 523 1765; x_wconf 91' lang='lat' dir='ltr'><strong>vel</strong></span> <span class='ocrx_word' id='word_1_156' title='bbox 541 1681 769 1763; x_wconf 86' lang='lat' dir='ltr'><strong>instrumenti</strong></span> <span class='ocrx_word' id='word_1_157' title='bbox 784 1684 868 1794; x_wconf 73' lang='lat' dir='ltr'><strong>vice</strong></span> <span class='ocrx_word' id='word_1_158' title='bbox 882 1675 995 1776; x_wconf 80' lang='lat' dir='ltr'><strong>fungi.</strong></span> <span class='ocrx_word' id='word_1_159' title='bbox 1045 1683 1118 1778; x_wconf 86' lang='lat' dir='ltr'><strong>Cap.</strong></span> <span class='ocrx_word' id='word_1_160' title='bbox 1132 1705 1163 1768; x_wconf 76' lang='lat'><strong>4.</strong></span> <span class='ocrx_word' id='word_1_161' title='bbox 1187 1697 1349 1756; x_wconf 87' lang='lat' dir='ltr'><strong>naturam</strong></span> <span class='ocrx_word' id='word_1_162' title='bbox 1370 1600 1588 1776; x_wconf 70' lang='lat' dir='ltr'><strong>irrigantem</strong></span> <span class='ocrx_word' id='word_1_163' title='bbox 1604 1701 1744 1784; x_wconf 75' lang='lat' dir='ltr'><strong>propo·</strong></span> 
     </span>
     <span class='ocr_line' id='line_1_15' title="bbox 91 1775 1883 1954; baseline -0.02 -65"><span class='ocrx_word' id='word_1_164' title='bbox 91 1815 147 1900; x_wconf 92' lang='lat' dir='ltr'><strong>nit,</strong></span> <span class='ocrx_word' id='word_1_165' title='bbox 164 1809 222 1885; x_wconf 84' lang='lat' dir='ltr'><strong>seu</strong></span> <span class='ocrx_word' id='word_1_166' title='bbox 238 1803 374 1886; x_wconf 80' lang='lat' dir='ltr'><strong>ldeim,</strong></span> <span class='ocrx_word' id='word_1_167' title='bbox 389 1795 496 1872; x_wconf 89' lang='lat' dir='ltr'><strong>dotes</strong></span> <span class='ocrx_word' id='word_1_168' title='bbox 511 1807 717 1868; x_wconf 86' lang='lat' dir='ltr'><strong>naturarum</strong></span> <span class='ocrx_word' id='word_1_169' title='bbox 729 1782 974 1869; x_wconf 80' lang='lat' dir='ltr'><strong>fabricantem,</strong></span> <span class='ocrx_word' id='word_1_170' title='bbox 997 1801 1078 1880; x_wconf 82' lang='lat' dir='ltr'><strong>quae</strong></span> <span class='ocrx_word' id='word_1_171' title='bbox 1098 1775 1220 1853; x_wconf 89' lang='lat' dir='ltr'><strong>omnia</strong></span> <span class='ocrx_word' id='word_1_172' title='bbox 1234 1775 1519 1954; x_wconf 73' lang='lat' dir='ltr'><strong>praesupponere</strong></span> <span class='ocrx_word' id='word_1_173' title='bbox 1536 1780 1745 1882; x_wconf 83' lang='lat' dir='ltr'><strong>intelligen-</strong></span> <span class='ocrx_word' id='word_1_174' title='bbox 1881 1825 1883 1828; x_wconf 28' lang='lat' dir='ltr'>v</span> 
     </span>
     <span class='ocr_line' id='line_1_16' title="bbox 91 1877 1745 1992; baseline -0.029 0"><span class='ocrx_word' id='word_1_175' title='bbox 91 1917 165 1992; x_wconf 88' lang='lat' dir='ltr'><strong>riam</strong></span> <span class='ocrx_word' id='word_1_176' title='bbox 178 1909 258 1986; x_wconf 85' lang='lat' dir='ltr'><strong>inS</strong></span> <span class='ocrx_word' id='word_1_177' title='bbox 285 1903 368 1980; x_wconf 87' lang='lat' dir='ltr'><strong>iritu</strong></span> <span class='ocrx_word' id='word_1_178' title='bbox 385 1895 466 1972; x_wconf 76' lang='lat' dir='ltr'><strong>viae</strong></span> <span class='ocrx_word' id='word_1_179' title='bbox 480 1893 662 1977; x_wconf 89' lang='lat' dir='ltr'><strong>videntur,</strong></span> <span class='ocrx_word' id='word_1_180' title='bbox 676 1885 714 1962; x_wconf 78' lang='lat' dir='ltr'><strong>br</strong></span> <span class='ocrx_word' id='word_1_181' title='bbox 730 1877 1013 1984; x_wconf 77' lang='lat' dir='ltr'><strong>Memphysrcum</strong></span> <span class='ocrx_word' id='word_1_182' title='bbox 1028 1883 1154 1982; x_wconf 86' lang='lat' dir='ltr'><strong>potius</strong></span> <span class='ocrx_word' id='word_1_183' title='bbox 1169 1879 1232 1978; x_wconf 90' lang='lat' dir='ltr'><strong>qui</strong></span> <span class='ocrx_word' id='word_1_184' title='bbox 1275 1879 1404 1980; x_wconf 85' lang='lat' dir='ltr'><strong>sapere,</strong></span> <span class='ocrx_word' id='word_1_185' title='bbox 1421 1905 1531 1980; x_wconf 82' lang='lat' dir='ltr'><strong>quarn</strong></span> <span class='ocrx_word' id='word_1_186' title='bbox 1545 1907 1631 1960; x_wconf 73' lang='lat' dir='ltr'><strong>vere</strong></span> <span class='ocrx_word' id='word_1_187' title='bbox 1647 1881 1745 1982; x_wconf 75' lang='lat' dir='ltr'><strong>Phy⁴</strong></span> 
     </span>
    </p>

    <p class='ocr_par' dir='ltr' id='par_1_3' title="bbox 91 1931 1772 2214">
     <span class='ocr_line' id='line_1_17' title="bbox 91 1931 1772 2094; baseline -0.026 1"><span class='ocrx_word' id='word_1_188' title='bbox 91 2016 200 2094; x_wconf 86' lang='lat' dir='ltr'><strong>ficum.</strong></span> <span class='ocrx_word' id='word_1_189' title='bbox 251 1931 345 2086; x_wconf 57' lang='lat' dir='ltr'><strong>gant</strong></span> <span class='ocrx_word' id='word_1_190' title='bbox 358 1997 456 2077; x_wconf 89' lang='lat' dir='ltr'><strong>enim</strong></span> <span class='ocrx_word' id='word_1_191' title='bbox 472 1993 622 2094; x_wconf 86' lang='lat' dir='ltr'><strong>quidam</strong></span> <span class='ocrx_word' id='word_1_192' title='bbox 636 2011 757 2064; x_wconf 86' lang='lat' dir='ltr'><strong>rerum</strong></span> <span class='ocrx_word' id='word_1_193' title='bbox 774 1981 878 2064; x_wconf 89' lang='lat' dir='ltr'><strong>modi</strong></span> <span class='ocrx_word' id='word_1_194' title='bbox 899 2002 961 2066; x_wconf 88' lang='lat' dir='ltr'><strong>aut</strong></span> <span class='ocrx_word' id='word_1_195' title='bbox 980 1978 1188 2059; x_wconf 72' lang='lat' dir='ltr'><strong>affediones</strong></span> <span class='ocrx_word' id='word_1_196' title='bbox 1211 1977 1513 2074; x_wconf 65' lang='lat' dir='ltr'><strong>universalissima,</strong></span> <span class='ocrx_word' id='word_1_197' title='bbox 1525 2009 1604 2084; x_wconf 82' lang='lat' dir='ltr'><strong>quae</strong></span> <span class='ocrx_word' id='word_1_198' title='bbox 1619 1990 1743 2084; x_wconf 85' lang='lat' dir='ltr'><strong>potius</strong></span> <span class='ocrx_word' id='word_1_199' title='bbox 1762 2050 1772 2056; x_wconf 82' lang='grc'><em>,</em></span> 
     </span>
     <span class='ocr_line' id='line_1_18' title="bbox 94 2079 1745 2214; baseline -0.022 -18"><span class='ocrx_word' id='word_1_200' title='bbox 94 2119 125 2196; x_wconf 91' lang='lat' dir='ltr'><strong>iu</strong></span> <span class='ocrx_word' id='word_1_201' title='bbox 133 2131 326 2214; x_wconf 82' lang='lat' dir='ltr'><strong>conceptu</strong></span> <span class='ocrx_word' id='word_1_202' title='bbox 339 2097 534 2182; x_wconf 88' lang='lat' dir='ltr'><strong>hominum</strong></span> <span class='ocrx_word' id='word_1_203' title='bbox 552 2089 766 2178; x_wconf 83' lang='lat' dir='ltr'><strong>fundantur,</strong></span> <span class='ocrx_word' id='word_1_204' title='bbox 783 2111 892 2188; x_wconf 92' lang='lat' dir='ltr'><strong>quam</strong></span> <span class='ocrx_word' id='word_1_205' title='bbox 911 2107 1003 2160; x_wconf 84' lang='lat' dir='ltr'><strong>verte</strong></span> <span class='ocrx_word' id='word_1_206' title='bbox 1016 2079 1224 2162; x_wconf 73' lang='lat' dir='ltr'><strong>adediones</strong></span> <span class='ocrx_word' id='word_1_207' title='bbox 1240 2080 1389 2182; x_wconf 82' lang='lat' dir='ltr'><strong>Physrcae</strong></span> <span class='ocrx_word' id='word_1_208' title='bbox 1403 2081 1583 2184; x_wconf 77' lang='lat' dir='ltr'><strong>suntque</strong></span> <span class='ocrx_word' id='word_1_209' title='bbox 1597 2085 1645 2159; x_wconf 90' lang='lat' dir='ltr'><strong>de</strong></span> <span class='ocrx_word' id='word_1_210' title='bbox 1661 2105 1745 2160; x_wconf 82' lang='lat' dir='ltr'><strong>oot-</strong></span> 
     </span>
    </p>

    <p class='ocr_par' dir='ltr' id='par_1_4' title="bbox 96 2183 1747 2324">
     <span class='ocr_line' id='line_1_19' title="bbox 96 2183 1747 2324; baseline -0.023 -26"><span class='ocrx_word' id='word_1_211' title='bbox 96 2243 175 2324; x_wconf 88' lang='lat' dir='ltr'><strong>pore</strong></span> <span class='ocrx_word' id='word_1_212' title='bbox 188 2209 350 2300; x_wconf 84' lang='lat' dir='ltr'><strong>naturali,</strong></span> <span class='ocrx_word' id='word_1_213' title='bbox 366 2227 407 2282; x_wconf 92' lang='lat' dir='ltr'><strong>ut</strong></span> <span class='ocrx_word' id='word_1_214' title='bbox 422 2194 584 2280; x_wconf 85' lang='lat' dir='ltr'><strong>naturali,</strong></span> <span class='ocrx_word' id='word_1_215' title='bbox 606 2189 787 2292; x_wconf 86' lang='lat' dir='ltr'><strong>praedicari</strong></span> <span class='ocrx_word' id='word_1_216' title='bbox 815 2185 972 2287; x_wconf 81' lang='lat' dir='ltr'><strong>poliunt.</strong></span> <span class='ocrx_word' id='word_1_217' title='bbox 1024 2195 1096 2283; x_wconf 81' lang='lat' dir='ltr'><strong>cap.</strong></span> <span class='ocrx_word' id='word_1_218' title='bbox 1113 2209 1147 2272; x_wconf 83' lang='lat'><strong>5·</strong></span> <span class='ocrx_word' id='word_1_219' title='bbox 1177 2183 1353 2282; x_wconf 89' lang='lat' dir='ltr'><strong>proponit</strong></span> <span class='ocrx_word' id='word_1_220' title='bbox 1368 2203 1533 2260; x_wconf 87' lang='lat' dir='ltr'><strong>naturam</strong></span> <span class='ocrx_word' id='word_1_221' title='bbox 1548 2183 1747 2286; x_wconf 83' lang='lat' dir='ltr'><strong>srgillatam,</strong></span> 
     </span>
    </p>

    <p class='ocr_par' dir='ltr' id='par_1_5' title="bbox 97 2283 1750 2403">
     <span class='ocr_line' id='line_1_20' title="bbox 97 2283 1750 2403; baseline -0.024 -2"><span class='ocrx_word' id='word_1_222' title='bbox 97 2325 146 2402; x_wconf 82' lang='lat' dir='ltr'><strong>seu</strong></span> <span class='ocrx_word' id='word_1_223' title='bbox 160 2313 398 2397; x_wconf 77' lang='lat' dir='ltr'><strong>chanuerern</strong></span> <span class='ocrx_word' id='word_1_224' title='bbox 412 2319 611 2403; x_wconf 88' lang='lat' dir='ltr'><strong>corporum</strong></span> <span class='ocrx_word' id='word_1_225' title='bbox 629 2289 862 2370; x_wconf 85' lang='lat' dir='ltr'><strong>discretivum</strong></span> <span class='ocrx_word' id='word_1_226' title='bbox 877 2313 919 2364; x_wconf 87' lang='lat' dir='ltr'><strong>ac</strong></span> <span class='ocrx_word' id='word_1_227' title='bbox 943 2288 1283 2375; x_wconf 82' lang='lat' dir='ltr'><strong>determinativum,</strong></span> <span class='ocrx_word' id='word_1_228' title='bbox 1305 2283 1370 2362; x_wconf 88' lang='lat' dir='ltr'><strong>ubi</strong></span> <span class='ocrx_word' id='word_1_229' title='bbox 1383 2283 1455 2382; x_wconf 87' lang='lat' dir='ltr'><strong>agit</strong></span> <span class='ocrx_word' id='word_1_230' title='bbox 1475 2284 1523 2360; x_wconf 89' lang='lat' dir='ltr'><strong>de</strong></span> <span class='ocrx_word' id='word_1_231' title='bbox 1544 2283 1750 2374; x_wconf 72' lang='lat' dir='ltr'><strong>schematis,</strong></span> 
     </span>
    </p>

    <p class='ocr_par' dir='ltr' id='par_1_6' title="bbox 97 2382 1746 2502">
     <span class='ocr_line' id='line_1_21' title="bbox 97 2382 1746 2502; baseline -0.034 0"><span class='ocrx_word' id='word_1_232' title='bbox 97 2427 155 2502; x_wconf 88' lang='lat' dir='ltr'><strong>mis</strong></span> <span class='ocrx_word' id='word_1_233' title='bbox 169 2416 335 2498; x_wconf 77' lang='lat' dir='ltr'><strong>materiae,</strong></span> <span class='ocrx_word' id='word_1_234' title='bbox 350 2407 448 2487; x_wconf 88' lang='lat' dir='ltr'><strong>&amp;de</strong></span> <span class='ocrx_word' id='word_1_235' title='bbox 465 2391 815 2498; x_wconf 85' lang='lat' dir='ltr'><strong>configurationibus</strong></span> <span class='ocrx_word' id='word_1_236' title='bbox 830 2409 1028 2488; x_wconf 84' lang='lat' dir='ltr'><strong>corporum</strong></span> <span class='ocrx_word' id='word_1_237' title='bbox 1045 2382 1264 2462; x_wconf 77' lang='lat' dir='ltr'><strong>naturalium.</strong></span> <span class='ocrx_word' id='word_1_238' title='bbox 1317 2383 1536 2484; x_wconf 71' lang='lat' dir='ltr'><strong>Atquehaec</strong></span> <span class='ocrx_word' id='word_1_239' title='bbox 1550 2385 1746 2464; x_wconf 62' lang='lat' dir='ltr'><strong>necessario</strong></span> 
     </span>
    </p>

    <p class='ocr_par' dir='ltr' id='par_1_7' title="bbox 99 2484 1747 2624">
     <span class='ocr_line' id='line_1_22' title="bbox 99 2484 1747 2624; baseline -0.023 -19"><span class='ocrx_word' id='word_1_240' title='bbox 99 2525 359 2624; x_wconf 88' lang='lat' dir='ltr'><strong>consequuntur</strong></span> <span class='ocrx_word' id='word_1_241' title='bbox 373 2507 483 2614; x_wconf 89' lang='lat' dir='ltr'><strong>ipsam</strong></span> <span class='ocrx_word' id='word_1_242' title='bbox 495 2502 663 2597; x_wconf 83' lang='lat' dir='ltr'><strong>corporis</strong></span> <span class='ocrx_word' id='word_1_243' title='bbox 671 2489 837 2572; x_wconf 87' lang='lat' dir='ltr'><strong>naturalis</strong></span> <span class='ocrx_word' id='word_1_244' title='bbox 846 2488 1159 2578; x_wconf 89' lang='lat' dir='ltr'><strong>constitutionem,</strong></span> <span class='ocrx_word' id='word_1_245' title='bbox 1167 2508 1246 2585; x_wconf 84' lang='lat' dir='ltr'><strong>quae</strong></span> <span class='ocrx_word' id='word_1_246' title='bbox 1254 2485 1481 2585; x_wconf 83' lang='lat' dir='ltr'><strong>performaur</strong></span> <span class='ocrx_word' id='word_1_247' title='bbox 1489 2484 1747 2589; x_wconf 84' lang='lat' dir='ltr'><strong>supervenien-</strong></span> 
     </span>
    </p>

    <p class='ocr_par' dir='ltr' id='par_1_8' title="bbox 25 2585 1751 3012">
     <span class='ocr_line' id='line_1_23' title="bbox 25 2585 1746 2726; baseline -0.024 -18"><span class='ocrx_word' id='word_1_248' title='bbox 25 2711 26 2720; x_wconf 11' lang='grc' dir='ltr'><strong><em>Ν</em></strong></span> <span class='ocrx_word' id='word_1_249' title='bbox 98 2651 174 2726; x_wconf 86' lang='lat' dir='ltr'><strong>tero,</strong></span> <span class='ocrx_word' id='word_1_250' title='bbox 188 2647 229 2701; x_wconf 94' lang='lat' dir='ltr'><strong>ut</strong></span> <span class='ocrx_word' id='word_1_251' title='bbox 243 2629 293 2698; x_wconf 86' lang='lat' dir='ltr'><strong>ait</strong></span> <span class='ocrx_word' id='word_1_252' title='bbox 307 2617 378 2706; x_wconf 85' lang='lat' dir='ltr'><strong>ille,</strong></span> <span class='ocrx_word' id='word_1_253' title='bbox 389 2611 663 2698; x_wconf 81' lang='lat' dir='ltr'><strong>determinatur.</strong></span> <span class='ocrx_word' id='word_1_254' title='bbox 741 2593 856 2710; x_wconf 79' lang='lat' dir='ltr'><strong>Qud</strong></span> <span class='ocrx_word' id='word_1_255' title='bbox 871 2613 955 2668; x_wconf 90' lang='lat' dir='ltr'><strong>cunr</strong></span> <span class='ocrx_word' id='word_1_256' title='bbox 980 2589 1039 2676; x_wconf 89' lang='lat' dir='ltr'><strong>ait,</strong></span> <span class='ocrx_word' id='word_1_257' title='bbox 1060 2585 1154 2701; x_wconf 81' lang='lat' dir='ltr'><strong>aliud</strong></span> <span class='ocrx_word' id='word_1_258' title='bbox 1171 2585 1357 2686; x_wconf 77' lang='lat' dir='ltr'><strong>quoddam</strong></span> <span class='ocrx_word' id='word_1_259' title='bbox 1417 2593 1596 2690; x_wconf 82' lang='lat' dir='ltr'><strong>&#39;nciplum</strong></span> <span class='ocrx_word' id='word_1_260' title='bbox 1610 2588 1746 2678; x_wconf 79' lang='lat' dir='ltr'><strong>eonsti-</strong></span> 
     </span>
     <span class='ocr_line' id='line_1_24' title="bbox 100 2611 1428 2830; baseline -0.035 -22"><span class='ocrx_word' id='word_1_261' title='bbox 100 2733 169 2820; x_wconf 89' lang='lat' dir='ltr'><strong>tuit‚</strong></span> <span class='ocrx_word' id='word_1_262' title='bbox 182 2743 309 2830; x_wconf 75' lang='lat' dir='ltr'><strong>proter</strong></span> <span class='ocrx_word' id='word_1_263' title='bbox 323 2723 391 2796; x_wconf 80' lang='lat' dir='ltr'><strong>triu</strong></span> <span class='ocrx_word' id='word_1_264' title='bbox 405 2711 478 2790; x_wconf 85' lang='lat' dir='ltr'><strong>illa:</strong></span> <span class='ocrx_word' id='word_1_265' title='bbox 505 2703 661 2795; x_wconf 85' lang='lat' dir='ltr'><strong>Maiiam,</strong></span> <span class='ocrx_word' id='word_1_266' title='bbox 677 2700 851 2799; x_wconf 86' lang='lat' dir='ltr'><strong>Spintum</strong></span> <span class='ocrx_word' id='word_1_267' title='bbox 868 2687 1225 2790; x_wconf 76' lang='lat' dir='ltr'><strong>&amp;Lucem„qurbus‚</strong></span> <span class='ocrx_word' id='word_1_268' title='bbox 1249 2611 1428 2782; x_wconf 59' lang='lat' dir='ltr'><strong>interse&gt;ss</strong></span> 
     </span>
     <span class='ocr_line' id='line_1_25' title="bbox 99 2787 1749 2922; baseline -0.022 -14"><span class='ocrx_word' id='word_1_269' title='bbox 99 2833 160 2910; x_wconf 90' lang='lat' dir='ltr'><strong>tius</strong></span> <span class='ocrx_word' id='word_1_270' title='bbox 175 2829 228 2906; x_wconf 91' lang='lat' dir='ltr'><strong>illa</strong></span> <span class='ocrx_word' id='word_1_271' title='bbox 245 2817 491 2922; x_wconf 82' lang='lat' dir='ltr'><strong>configuratio</strong></span> <span class='ocrx_word' id='word_1_272' title='bbox 504 2799 670 2886; x_wconf 89' lang='lat' dir='ltr'><strong>totius&amp;</strong></span> <span class='ocrx_word' id='word_1_273' title='bbox 687 2799 841 2901; x_wconf 88' lang='lat' dir='ltr'><strong>partium</strong></span> <span class='ocrx_word' id='word_1_274' title='bbox 857 2790 1048 2870; x_wconf 87' lang='lat' dir='ltr'><strong>tribuenda</strong></span> <span class='ocrx_word' id='word_1_275' title='bbox 1061 2791 1125 2880; x_wconf 87' lang='lat' dir='ltr'><strong>est,</strong></span> <span class='ocrx_word' id='word_1_276' title='bbox 1141 2814 1248 2898; x_wconf 90' lang='lat' dir='ltr'><strong>quam</strong></span> <span class='ocrx_word' id='word_1_277' title='bbox 1268 2787 1332 2884; x_wconf 86' lang='lat' dir='ltr'><strong>ulli</strong></span> <span class='ocrx_word' id='word_1_278' title='bbox 1347 2789 1449 2871; x_wconf 85' lang='lat' dir='ltr'><strong>alteri</strong></span> <span class='ocrx_word' id='word_1_279' title='bbox 1464 2788 1601 2870; x_wconf 81' lang='lat' dir='ltr'><strong>sormae.</strong></span> <span class='ocrx_word' id='word_1_280' title='bbox 1625 2791 1749 2871; x_wconf 88' lang='lat' dir='ltr'><strong>Video</strong></span> 
     </span>
     <span class='ocr_line' id='line_1_26' title="bbox 101 2887 1751 3012; baseline -0.027 2"><span class='ocrx_word' id='word_1_281' title='bbox 101 2957 211 3012; x_wconf 87' lang='lat' dir='ltr'><strong>tamen</strong></span> <span class='ocrx_word' id='word_1_282' title='bbox 231 2927 388 3005; x_wconf 83' lang='lat' dir='ltr'><strong>formam</strong></span> <span class='ocrx_word' id='word_1_283' title='bbox 408 2915 460 2996; x_wconf 92' lang='lat' dir='ltr'><strong>illi</strong></span> <span class='ocrx_word' id='word_1_284' title='bbox 472 2911 541 2990; x_wconf 82' lang='lat' dir='ltr'><strong>else</strong></span> <span class='ocrx_word' id='word_1_285' title='bbox 563 2906 686 3010; x_wconf 85' lang='lat' dir='ltr'><strong>potius</strong></span> <span class='ocrx_word' id='word_1_286' title='bbox 702 2895 1031 3011; x_wconf 79' lang='lat' dir='ltr'><strong>configurationem</strong></span> <span class='ocrx_word' id='word_1_287' title='bbox 1047 2891 1117 2968; x_wconf 85' lang='lat' dir='ltr'><strong>five</strong></span> <span class='ocrx_word' id='word_1_288' title='bbox 1140 2887 1409 2988; x_wconf 85' lang='lat' dir='ltr'><strong>disposrtionem</strong></span> <span class='ocrx_word' id='word_1_289' title='bbox 1449 2908 1555 2968; x_wconf 86' lang='lat' dir='ltr'><strong>certae</strong></span> <span class='ocrx_word' id='word_1_290' title='bbox 1569 2893 1751 3008; x_wconf 82' lang='lat' dir='ltr'><strong>portionis</strong></span> 
     </span>
    </p>
   </div>
   <div class='ocr_carea' id='block_1_3' title="bbox 1414 2691 1888 2792">
    <p class='ocr_par' dir='ltr' id='par_1_9' title="bbox 1414 2691 1888 2792">
     <span class='ocr_line' id='line_1_27' title="bbox 1414 2691 1888 2792; baseline -0.015 -27"><span class='ocrx_word' id='word_1_291' title='bbox 1414 2691 1662 2790; x_wconf 73' lang='lat' dir='ltr'><strong>operantibus,</strong></span> <span class='ocrx_word' id='word_1_292' title='bbox 1676 2715 1761 2792; x_wconf 65' lang='lat' dir='ltr'><strong>po·⁴</strong></span> <span class='ocrx_word' id='word_1_293' title='bbox 1878 2729 1888 2748; x_wconf 39' lang='grc' dir='ltr'>κ</span> 
     </span>
    </p>
   </div>
   <div class='ocr_carea' id='block_1_4' title="bbox 25 2991 1960 3776">
    <p class='ocr_par' dir='ltr' id='par_1_10' title="bbox 100 2991 1960 3136">
     <span class='ocr_line' id='line_1_28' title="bbox 100 2991 1960 3136; baseline -0.027 -24"><span class='ocrx_word' id='word_1_294' title='bbox 100 3045 201 3116; x_wconf 87' lang='lat' dir='ltr'><strong>trium</strong></span> <span class='ocrx_word' id='word_1_295' title='bbox 218 3024 497 3136; x_wconf 88' lang='lat' dir='ltr'><strong>principiorum,</strong></span> <span class='ocrx_word' id='word_1_296' title='bbox 505 3029 640 3110; x_wconf 83' lang='lat' dir='ltr'><strong>nempe</strong></span> <span class='ocrx_word' id='word_1_297' title='bbox 653 2995 978 3101; x_wconf 80' lang='lat' dir='ltr'><strong>configurationem</strong></span> <span class='ocrx_word' id='word_1_298' title='bbox 992 2991 1118 3084; x_wconf 73' lang='lat' dir='ltr'><strong>Massa,</strong></span> <span class='ocrx_word' id='word_1_299' title='bbox 1133 2991 1473 3067; x_wconf 78' lang='lat' dir='ltr'><strong>concanoatronen</strong></span> <span class='ocrx_word' id='word_1_300' title='bbox 1490 2991 1697 3092; x_wconf 88' lang='lat' dir='ltr'><strong>Spintuum,</strong></span> <span class='ocrx_word' id='word_1_301' title='bbox 1715 2991 1755 3073; x_wconf 79' lang='grc' dir='ltr'><strong>δι</strong></span> <span class='ocrx_word' id='word_1_302' title='bbox 1793 3068 1795 3072; x_wconf 76' lang='grc'><strong>,</strong></span> <span class='ocrx_word' id='word_1_303' title='bbox 1833 3001 1835 3004; x_wconf 82' lang='grc'><strong>’</strong></span> <span class='ocrx_word' id='word_1_304' title='bbox 1949 3005 1960 3022; x_wconf 70' lang='lat'><strong><em>‘</em></strong></span> 
     </span>
    </p>

    <p class='ocr_par' dir='ltr' id='par_1_11' title="bbox 25 3089 1752 3243">
     <span class='ocr_line' id='line_1_29' title="bbox 25 3089 1752 3243; baseline -0.029 -22"><span class='ocrx_word' id='word_1_305' title='bbox 25 3151 26 3172; x_wconf 83' lang='lat'><em>²</em></span> <span class='ocrx_word' id='word_1_306' title='bbox 60 3117 66 3129; x_wconf 37' lang='lat'>⁸</span> <span class='ocrx_word' id='word_1_307' title='bbox 103 3149 416 3243; x_wconf 78' lang='lat' dir='ltr'><strong>temperamentum</strong></span> <span class='ocrx_word' id='word_1_308' title='bbox 425 3095 1190 3205; x_wconf 69' lang='lat' dir='ltr'><strong>luciniounioneacpenenrtionemutua.</strong></span> <span class='ocrx_word' id='word_1_309' title='bbox 1217 3091 1339 3206; x_wconf 84' lang='lat' dir='ltr'><strong>Qare</strong></span> <span class='ocrx_word' id='word_1_310' title='bbox 1354 3089 1543 3169; x_wconf 84' lang='lat' dir='ltr'><strong>nihilaliud</strong></span> <span class='ocrx_word' id='word_1_311' title='bbox 1557 3091 1752 3172; x_wconf 84' lang='lat' dir='ltr'><strong>estillisor-</strong></span> 
     </span>
    </p>

    <p class='ocr_par' dir='ltr' id='par_1_12' title="bbox 100 3190 1749 3344">
     <span class='ocr_line' id='line_1_30' title="bbox 100 3190 1749 3344; baseline -0.031 -20"><span class='ocrx_word' id='word_1_312' title='bbox 100 3269 162 3336; x_wconf 84' lang='lat' dir='ltr'><strong>ura,</strong></span> <span class='ocrx_word' id='word_1_313' title='bbox 177 3261 285 3344; x_wconf 86' lang='lat' dir='ltr'><strong>quam</strong></span> <span class='ocrx_word' id='word_1_314' title='bbox 306 3225 414 3307; x_wconf 91' lang='lat' dir='ltr'><strong>notio</strong></span> <span class='ocrx_word' id='word_1_315' title='bbox 437 3208 662 3324; x_wconf 84' lang='lat' dir='ltr'><strong>quaedam&amp;</strong></span> <span class='ocrx_word' id='word_1_316' title='bbox 694 3222 897 3302; x_wconf 87' lang='lat' dir='ltr'><strong>conceptus</strong></span> <span class='ocrx_word' id='word_1_317' title='bbox 924 3196 971 3273; x_wconf 89' lang='lat' dir='ltr'><strong>de</strong></span> <span class='ocrx_word' id='word_1_318' title='bbox 1003 3195 1126 3288; x_wconf 87' lang='lat' dir='ltr'><strong>rebus,</strong></span> <span class='ocrx_word' id='word_1_319' title='bbox 1150 3196 1217 3294; x_wconf 92' lang='lat' dir='ltr'><strong>qul</strong></span> <span class='ocrx_word' id='word_1_320' title='bbox 1251 3190 1340 3270; x_wconf 76' lang='lat' dir='ltr'><strong>mhi!</strong></span> <span class='ocrx_word' id='word_1_321' title='bbox 1380 3191 1545 3271; x_wconf 87' lang='lat' dir='ltr'><strong>realitatis</strong></span> <span class='ocrx_word' id='word_1_322' title='bbox 1584 3191 1749 3273; x_wconf 82' lang='lat' dir='ltr'><strong>involvit</strong></span> 
     </span>
    </p>

    <p class='ocr_par' dir='ltr' id='par_1_13' title="bbox 136 3293 1753 3433">
     <span class='ocr_line' id='line_1_31' title="bbox 136 3293 1753 3433; baseline -0.041 -10"><span class='ocrx_word' id='word_1_323' title='bbox 136 3341 277 3420; x_wconf 82' lang='lat' dir='ltr'><strong>uersum</strong></span> <span class='ocrx_word' id='word_1_324' title='bbox 291 3355 379 3433; x_wconf 84' lang='lat' dir='ltr'><strong>ergo</strong></span> <span class='ocrx_word' id='word_1_325' title='bbox 398 3347 492 3426; x_wconf 91' lang='lat' dir='ltr'><strong>opus</strong></span> <span class='ocrx_word' id='word_1_326' title='bbox 514 3315 579 3407; x_wconf 89' lang='lat' dir='ltr'><strong>est,</strong></span> <span class='ocrx_word' id='word_1_327' title='bbox 601 3335 675 3390; x_wconf 87' lang='lat' dir='ltr'><strong>tarn</strong></span> <span class='ocrx_word' id='word_1_328' title='bbox 690 3313 796 3386; x_wconf 84' lang='lat' dir='ltr'><strong>anxie</strong></span> <span class='ocrx_word' id='word_1_329' title='bbox 811 3302 1030 3400; x_wconf 83' lang='lat' dir='ltr'><strong>distinguere</strong></span> <span class='ocrx_word' id='word_1_330' title='bbox 1045 3295 1178 3374; x_wconf 90' lang='lat' dir='ltr'><strong>formas</strong></span> <span class='ocrx_word' id='word_1_331' title='bbox 1190 3317 1385 3395; x_wconf 79' lang='lat' dir='ltr'><strong>canamque</strong></span> <span class='ocrx_word' id='word_1_332' title='bbox 1398 3293 1646 3396; x_wconf 84' lang='lat' dir='ltr'><strong>proprietates,</strong></span> <span class='ocrx_word' id='word_1_333' title='bbox 1661 3319 1753 3374; x_wconf 77' lang='lat' dir='ltr'><strong>con.</strong></span> 
     </span>
    </p>

    <p class='ocr_par' dir='ltr' id='par_1_14' title="bbox 101 3394 1794 3640">
     <span class='ocr_line' id='line_1_32' title="bbox 101 3394 1752 3528; baseline -0.032 0"><span class='ocrx_word' id='word_1_334' title='bbox 101 3421 279 3524; x_wconf 74' lang='lat' dir='ltr'><strong>sumendo</strong></span> <span class='ocrx_word' id='word_1_335' title='bbox 293 3434 393 3514; x_wconf 86' lang='lat' dir='ltr'><strong>aliam</strong></span> <span class='ocrx_word' id='word_1_336' title='bbox 408 3419 633 3528; x_wconf 77' lang='lat' dir='ltr'><strong>genericam,</strong></span> <span class='ocrx_word' id='word_1_337' title='bbox 658 3409 760 3520; x_wconf 68' lang='lat' dir='ltr'><strong>aliani</strong></span> <span class='ocrx_word' id='word_1_338' title='bbox 775 3401 971 3505; x_wconf 89' lang='lat' dir='ltr'><strong>specificam</strong></span> <span class='ocrx_word' id='word_1_339' title='bbox 983 3398 1023 3476; x_wconf 74' lang='grc' dir='ltr'>ἃ</span> <span class='ocrx_word' id='word_1_340' title='bbox 1038 3394 1318 3510; x_wconf 75' lang='lat' dir='ltr'><strong>individualem,</strong></span> <span class='ocrx_word' id='word_1_341' title='bbox 1341 3394 1442 3472; x_wconf 88' lang='lat' dir='ltr'><strong>aliam</strong></span> <span class='ocrx_word' id='word_1_342' title='bbox 1458 3395 1630 3493; x_wconf 91' lang='lat' dir='ltr'><strong>totalem,</strong></span> <span class='ocrx_word' id='word_1_343' title='bbox 1650 3397 1752 3477; x_wconf 87' lang='lat' dir='ltr'><strong>aliam</strong></span> 
     </span>
     <span class='ocr_line' id='line_1_33' title="bbox 284 3496 1794 3640; baseline -0.025 -26"><span class='ocrx_word' id='word_1_344' title='bbox 284 3573 292 3588; x_wconf 94' lang='lat'><strong>·</strong></span> <span class='ocrx_word' id='word_1_345' title='bbox 320 3530 442 3640; x_wconf 87' lang='lat' dir='ltr'><strong>quales</strong></span> <span class='ocrx_word' id='word_1_346' title='bbox 458 3535 663 3622; x_wconf 86' lang='lat' dir='ltr'><strong>conceptus</strong></span> <span class='ocrx_word' id='word_1_347' title='bbox 678 3517 821 3588; x_wconf 82' lang='lat' dir='ltr'><strong>tantum</strong></span> <span class='ocrx_word' id='word_1_348' title='bbox 844 3501 1082 3582; x_wconf 89' lang='lat' dir='ltr'><strong>confundunt</strong></span> <span class='ocrx_word' id='word_1_349' title='bbox 1103 3504 1250 3576; x_wconf 79' lang='lat' dir='ltr'><strong>notitias</strong></span> <span class='ocrx_word' id='word_1_350' title='bbox 1265 3521 1385 3574; x_wconf 88' lang='lat' dir='ltr'><strong>rerum</strong></span> <span class='ocrx_word' id='word_1_351' title='bbox 1408 3498 1638 3598; x_wconf 84' lang='lat' dir='ltr'><strong>naturalium,</strong></span> <span class='ocrx_word' id='word_1_352' title='bbox 1652 3521 1696 3578; x_wconf 91' lang='lat' dir='ltr'><strong>ut</strong></span> <span class='ocrx_word' id='word_1_353' title='bbox 1712 3496 1754 3578; x_wconf 91' lang='lat' dir='ltr'><strong>in</strong></span> <span class='ocrx_word' id='word_1_354' title='bbox 1783 3507 1794 3520; x_wconf 84' lang='lat'><strong>&#39;&#39;</strong></span> 
     </span>
    </p>

    <p class='ocr_par' dir='ltr' id='par_1_15' title="bbox 497 3593 1915 3776">
     <span class='ocr_line' id='line_1_34' title="bbox 497 3593 1915 3776; baseline -0.023 -76"><span class='ocrx_word' id='word_1_355' title='bbox 497 3622 588 3724; x_wconf 84' lang='lat' dir='ltr'><strong>saepe</strong></span> <span class='ocrx_word' id='word_1_356' title='bbox 601 3610 887 3716; x_wconf 82' lang='lat' dir='ltr'><strong>acquiescamus,</strong></span> <span class='ocrx_word' id='word_1_357' title='bbox 908 3627 979 3680; x_wconf 89' lang='lat' dir='ltr'><strong>nec</strong></span> <span class='ocrx_word' id='word_1_358' title='bbox 999 3601 1171 3678; x_wconf 87' lang='lat' dir='ltr'><strong>interiora</strong></span> <span class='ocrx_word' id='word_1_359' title='bbox 1192 3622 1313 3678; x_wconf 87' lang='lat' dir='ltr'><strong>rerum</strong></span> <span class='ocrx_word' id='word_1_360' title='bbox 1325 3596 1623 3776; x_wconf 70' lang='lat' dir='ltr'><strong>perscrutemur?</strong></span> <span class='ocrx_word' id='word_1_361' title='bbox 1648 3600 1754 3706; x_wconf 77' lang='lat' dir='ltr'><strong>Qud</strong></span> <span class='ocrx_word' id='word_1_362' title='bbox 1790 3680 1791 3690; x_wconf 14' lang='grc' dir='ltr'><strong><em>Ν</em></strong></span> <span class='ocrx_word' id='word_1_363' title='bbox 1911 3593 1915 3601; x_wconf 77' lang='grc'><strong>“</strong></span> 
     </span>
    </p>
   </div>
   <div class='ocr_carea' id='block_1_5' title="bbox 25 3699 1827 4716">
    <p class='ocr_par' dir='ltr' id='par_1_16' title="bbox 25 3699 1827 4716">
     <span class='ocr_line' id='line_1_35' title="bbox 25 3699 1827 3856; baseline -0.025 -34"><span class='ocrx_word' id='word_1_364' title='bbox 25 3811 27 3822; x_wconf 80' lang='grc'>,</span> <span class='ocrx_word' id='word_1_365' title='bbox 93 3707 188 3856; x_wconf 60' lang='lat' dir='ltr'><strong>&#39;opita</strong></span> <span class='ocrx_word' id='word_1_366' title='bbox 202 3749 277 3844; x_wconf 83' lang='lat' dir='ltr'><strong>est,</strong></span> <span class='ocrx_word' id='word_1_367' title='bbox 297 3762 357 3822; x_wconf 89' lang='lat' dir='ltr'><strong>tot</strong></span> <span class='ocrx_word' id='word_1_368' title='bbox 379 3733 512 3814; x_wconf 83' lang='lat' dir='ltr'><strong>formas</strong></span> <span class='ocrx_word' id='word_1_369' title='bbox 527 3717 699 3827; x_wconf 73' lang='lat' dir='ltr'><strong>,partiales</strong></span> <span class='ocrx_word' id='word_1_370' title='bbox 733 3707 998 3803; x_wconf 86' lang='lat' dir='ltr'><strong>subordinatas,</strong></span> <span class='ocrx_word' id='word_1_371' title='bbox 1023 3699 1221 3817; x_wconf 80' lang='lat' dir='ltr'><strong>graduales,</strong></span> <span class='ocrx_word' id='word_1_372' title='bbox 1247 3699 1322 3778; x_wconf 87' lang='lat' dir='ltr'><strong>acci</strong></span> <span class='ocrx_word' id='word_1_373' title='bbox 1351 3700 1503 3790; x_wconf 79' lang='lat' dir='ltr'><strong>errares,</strong></span> <span class='ocrx_word' id='word_1_374' title='bbox 1530 3699 1754 3780; x_wconf 80' lang='lat' dir='ltr'><strong>secundarius</strong></span> <span class='ocrx_word' id='word_1_375' title='bbox 1824 3753 1827 3762; x_wconf 85' lang='lat'><em>-</em></span> 
     </span>
     <span class='ocr_line' id='line_1_36' title="bbox 25 3798 1755 3936; baseline -0.038 -1"><span class='ocrx_word' id='word_1_376' title='bbox 25 3929 26 3936; x_wconf 14' lang='lat' dir='ltr'><strong>a</strong></span> <span class='ocrx_word' id='word_1_377' title='bbox 103 3881 139 3932; x_wconf 87' lang='lat' dir='ltr'><strong>ac</strong></span> <span class='ocrx_word' id='word_1_378' title='bbox 162 3849 402 3931; x_wconf 84' lang='lat' dir='ltr'><strong>ministrantes</strong></span> <span class='ocrx_word' id='word_1_379' title='bbox 424 3829 664 3926; x_wconf 79' lang='lat' dir='ltr'><strong>distinguere,</strong></span> <span class='ocrx_word' id='word_1_380' title='bbox 678 3875 682 3884; x_wconf 31' lang='lat' dir='ltr'><strong>a</strong></span> <span class='ocrx_word' id='word_1_381' title='bbox 697 3839 782 3892; x_wconf 90' lang='lat' dir='ltr'><strong>cum</strong></span> <span class='ocrx_word' id='word_1_382' title='bbox 811 3829 932 3887; x_wconf 88' lang='lat' dir='ltr'><strong>tamen</strong></span> <span class='ocrx_word' id='word_1_383' title='bbox 953 3827 1084 3881; x_wconf 84' lang='lat' dir='ltr'><strong>omnes</strong></span> <span class='ocrx_word' id='word_1_384' title='bbox 1099 3802 1186 3880; x_wconf 88' lang='lat' dir='ltr'><strong>nrbrl</strong></span> <span class='ocrx_word' id='word_1_385' title='bbox 1208 3798 1393 3880; x_wconf 80' lang='lat' dir='ltr'><strong>aliudesse</strong></span> <span class='ocrx_word' id='word_1_386' title='bbox 1414 3800 1620 3897; x_wconf 84' lang='lat' dir='ltr'><strong>arbitremr,</strong></span> <span class='ocrx_word' id='word_1_387' title='bbox 1644 3821 1755 3904; x_wconf 72' lang='lat' dir='ltr'><strong>quarn</strong></span> 
     </span>
     <span class='ocr_line' id='line_1_37' title="bbox 25 3899 1755 4060; baseline -0.036 -29"><span class='ocrx_word' id='word_1_388' title='bbox 25 3943 26 4006; x_wconf 83' lang='lat'>5</span> <span class='ocrx_word' id='word_1_389' title='bbox 103 3947 424 4060; x_wconf 76' lang='lat' dir='ltr'><strong>configurationem</strong></span> <span class='ocrx_word' id='word_1_390' title='bbox 445 3927 585 4016; x_wconf 74' lang='lat' dir='ltr'><strong>masse,</strong></span> <span class='ocrx_word' id='word_1_391' title='bbox 617 3910 957 3997; x_wconf 82' lang='lat' dir='ltr'><strong>concenttatiouem</strong></span> <span class='ocrx_word' id='word_1_392' title='bbox 987 3904 1182 4007; x_wconf 78' lang='lat' dir='ltr'><strong>spirituum</strong></span> <span class='ocrx_word' id='word_1_393' title='bbox 1205 3899 1243 3978; x_wconf 88' lang='lat'>&amp;</span> <span class='ocrx_word' id='word_1_394' title='bbox 1280 3925 1606 4003; x_wconf 82' lang='lat' dir='ltr'><strong>temperamentum</strong></span> <span class='ocrx_word' id='word_1_395' title='bbox 1640 3903 1755 3982; x_wconf 74' lang='lat' dir='ltr'><strong>lucis?</strong></span> 
     </span>
     <span class='ocr_line' id='line_1_38' title="bbox 105 4003 1757 4160; baseline -0.026 -34"><span class='ocrx_word' id='word_1_396' title='bbox 105 4083 177 4160; x_wconf 70' lang='lat' dir='ltr'><strong>qnae</strong></span> <span class='ocrx_word' id='word_1_397' title='bbox 203 4079 290 4136; x_wconf 71' lang='lat' dir='ltr'><strong>cnm</strong></span> <span class='ocrx_word' id='word_1_398' title='bbox 311 4040 489 4146; x_wconf 86' lang='lat' dir='ltr'><strong>explicare</strong></span> <span class='ocrx_word' id='word_1_399' title='bbox 510 4024 584 4132; x_wconf 90' lang='lat' dir='ltr'><strong>ipse</strong></span> <span class='ocrx_word' id='word_1_400' title='bbox 604 4045 684 4100; x_wconf 92' lang='lat' dir='ltr'><strong>non</strong></span> <span class='ocrx_word' id='word_1_401' title='bbox 704 4035 833 4118; x_wconf 86' lang='lat' dir='ltr'><strong>queat,</strong></span> <span class='ocrx_word' id='word_1_402' title='bbox 861 4008 977 4124; x_wconf 78' lang='lat' dir='ltr'><strong>multo</strong></span> <span class='ocrx_word' id='word_1_403' title='bbox 1003 4005 1122 4086; x_wconf 89' lang='lat' dir='ltr'><strong>minus</strong></span> <span class='ocrx_word' id='word_1_404' title='bbox 1153 4027 1282 4082; x_wconf 89' lang='lat' dir='ltr'><strong>eorum</strong></span> <span class='ocrx_word' id='word_1_405' title='bbox 1302 4003 1499 4086; x_wconf 66' lang='lat' dir='ltr'><strong>,varietates</strong></span> <span class='ocrx_word' id='word_1_406' title='bbox 1519 4003 1600 4082; x_wconf 84' lang='lat' dir='ltr'><strong>disti</strong></span> <span class='ocrx_word' id='word_1_407' title='bbox 1652 4029 1757 4102; x_wconf 89' lang='lat' dir='ltr'><strong>uere,</strong></span> 
     </span>
     <span class='ocr_line' id='line_1_39' title="bbox 129 4103 1758 4258; baseline -0.036 -31"><span class='ocrx_word' id='word_1_408' title='bbox 129 4159 188 4240; x_wconf 77' lang='lat' dir='ltr'><strong>uid</strong></span> <span class='ocrx_word' id='word_1_409' title='bbox 204 4175 298 4258; x_wconf 76' lang='lat' dir='ltr'><strong>opus</strong></span> <span class='ocrx_word' id='word_1_410' title='bbox 312 4147 367 4230; x_wconf 67' lang='lat' dir='ltr'><strong>aar</strong></span> <span class='ocrx_word' id='word_1_411' title='bbox 380 4144 419 4220; x_wconf 92' lang='lat' dir='ltr'><strong>in</strong></span> <span class='ocrx_word' id='word_1_412' title='bbox 433 4135 489 4214; x_wconf 89' lang='lat' dir='ltr'><strong>his</strong></span> <span class='ocrx_word' id='word_1_413' title='bbox 503 4124 649 4230; x_wconf 79' lang='lat' dir='ltr'><strong>sororis,</strong></span> <span class='ocrx_word' id='word_1_414' title='bbox 663 4118 752 4198; x_wconf 92' lang='lat' dir='ltr'><strong>nulli</strong></span> <span class='ocrx_word' id='word_1_415' title='bbox 775 4112 850 4193; x_wconf 91' lang='lat' dir='ltr'><strong>usui</strong></span> <span class='ocrx_word' id='word_1_416' title='bbox 869 4110 1017 4201; x_wconf 89' lang='lat' dir='ltr'><strong>suturrs,</strong></span> <span class='ocrx_word' id='word_1_417' title='bbox 1041 4127 1115 4188; x_wconf 89' lang='lat' dir='ltr'><strong>tem</strong></span> <span class='ocrx_word' id='word_1_418' title='bbox 1144 4129 1186 4184; x_wconf 81' lang='lat' dir='ltr'><strong>us</strong></span> <span class='ocrx_word' id='word_1_419' title='bbox 1207 4103 1378 4206; x_wconf 83' lang='lat' dir='ltr'><strong>perdere?</strong></span> <span class='ocrx_word' id='word_1_420' title='bbox 1405 4111 1476 4205; x_wconf 69' lang='lat' dir='ltr'><strong>Cep.</strong></span> <span class='ocrx_word' id='word_1_421' title='bbox 1492 4115 1518 4179; x_wconf 69' lang='grc' dir='ltr'><strong>ό.</strong></span> <span class='ocrx_word' id='word_1_422' title='bbox 1535 4105 1606 4208; x_wconf 79' lang='lat' dir='ltr'><strong>agit</strong></span> <span class='ocrx_word' id='word_1_423' title='bbox 1646 4107 1758 4185; x_wconf 75' lang='lat' dir='ltr'>edo.</span> 
     </span>
     <span class='ocr_line' id='line_1_40' title="bbox 105 4132 1760 4341; baseline -0.03 -10"><span class='ocrx_word' id='word_1_424' title='bbox 105 4185 194 4341; x_wconf 50' lang='grc' dir='ltr'><strong>ἕως</strong></span> <span class='ocrx_word' id='word_1_425' title='bbox 236 4257 299 4336; x_wconf 82' lang='lat' dir='ltr'><strong>seu</strong></span> <span class='ocrx_word' id='word_1_426' title='bbox 323 4241 456 4326; x_wconf 76' lang='lat' dir='ltr'><strong>naonis</strong></span> <span class='ocrx_word' id='word_1_427' title='bbox 477 4224 693 4312; x_wconf 86' lang='lat' dir='ltr'><strong>ornantibus</strong></span> <span class='ocrx_word' id='word_1_428' title='bbox 717 4244 760 4298; x_wconf 87' lang='lat' dir='ltr'><strong>ac</strong></span> <span class='ocrx_word' id='word_1_429' title='bbox 781 4209 1062 4304; x_wconf 85' lang='lat' dir='ltr'><strong>instruentibus,</strong></span> <span class='ocrx_word' id='word_1_430' title='bbox 1088 4132 1152 4285; x_wconf 65' lang='lat' dir='ltr'><strong>sui)</strong></span> <span class='ocrx_word' id='word_1_431' title='bbox 1187 4205 1319 4308; x_wconf 86' lang='lat' dir='ltr'><strong>quibus</strong></span> <span class='ocrx_word' id='word_1_432' title='bbox 1360 4203 1575 4286; x_wconf 87' lang='lat' dir='ltr'><strong>nominibus</strong></span> <span class='ocrx_word' id='word_1_433' title='bbox 1589 4209 1760 4310; x_wconf 81' lang='lat' dir='ltr'><strong>intelligit</strong></span> 
     </span>
     <span class='ocr_line' id='line_1_41' title="bbox 105 4303 1761 4468; baseline -0.009 -72"><span class='ocrx_word' id='word_1_434' title='bbox 105 4319 360 4468; x_wconf 41' lang='lat' dir='ltr'><strong>prophetam,</strong></span> <span class='ocrx_word' id='word_1_435' title='bbox 379 4345 421 4421; x_wconf 86' lang='lat'><strong>.&amp;</strong></span> <span class='ocrx_word' id='word_1_436' title='bbox 435 4327 834 4436; x_wconf 60' lang='lat' dir='ltr'><strong>continuarennec</strong></span> <span class='ocrx_word' id='word_1_437' title='bbox 846 4335 926 4398; x_wconf 88' lang='lat' dir='ltr'><strong>non</strong></span> <span class='ocrx_word' id='word_1_438' title='bbox 943 4309 1147 4427; x_wconf 80' lang='lat' dir='ltr'><strong>sacultates,</strong></span> <span class='ocrx_word' id='word_1_439' title='bbox 1173 4329 1257 4421; x_wconf 39' lang='lat' dir='ltr'><strong>tum·</strong></span> <span class='ocrx_word' id='word_1_440' title='bbox 1274 4306 1495 4408; x_wconf 85' lang='lat' dir='ltr'><strong>receptivas,</strong></span> <span class='ocrx_word' id='word_1_441' title='bbox 1518 4329 1595 4388; x_wconf 90' lang='lat' dir='ltr'><strong>turu</strong></span> <span class='ocrx_word' id='word_1_442' title='bbox 1614 4303 1761 4426; x_wconf 85' lang='lat' dir='ltr'><strong>impres-</strong></span> 
     </span>
     <span class='ocr_line' id='line_1_42' title="bbox 110 4405 1760 4570; baseline -0.033 -33"><span class='ocrx_word' id='word_1_443' title='bbox 110 4465 190 4544; x_wconf 75' lang='lat' dir='ltr'><strong>srvns</strong></span> <span class='ocrx_word' id='word_1_444' title='bbox 219 4472 437 4570; x_wconf 62' lang='lat' dir='ltr'><strong>corporum</strong></span> <span class='ocrx_word' id='word_1_445' title='bbox 459 4429 677 4518; x_wconf 11' lang='lat' dir='ltr'><strong>uniuersales,</strong></span> <span class='ocrx_word' id='word_1_446' title='bbox 691 4443 817 4536; x_wconf 74' lang='lat' dir='ltr'><strong>unitas.</strong></span> <span class='ocrx_word' id='word_1_447' title='bbox 892 4415 1020 4529; x_wconf 72' lang='lat' dir='ltr'><strong>Uortas</strong></span> <span class='ocrx_word' id='word_1_448' title='bbox 1043 4430 1171 4525; x_wconf 66' lang='lat' dir='ltr'><strong>vocat,</strong></span> <span class='ocrx_word' id='word_1_449' title='bbox 1195 4432 1280 4509; x_wconf 82' lang='lat' dir='ltr'><strong>quta</strong></span> <span class='ocrx_word' id='word_1_450' title='bbox 1301 4405 1344 4484; x_wconf 90' lang='lat' dir='ltr'><strong>ab</strong></span> <span class='ocrx_word' id='word_1_451' title='bbox 1359 4407 1530 4487; x_wconf 88' lang='lat' dir='ltr'><strong>omuibus</strong></span> <span class='ocrx_word' id='word_1_452' title='bbox 1554 4409 1760 4513; x_wconf 87' lang='lat' dir='ltr'><strong>princrpiis,</strong></span> 
     </span>
     <span class='ocr_line' id='line_1_43' title="bbox 112 4507 1795 4714; baseline -0.027 -149"><span class='ocrx_word' id='word_1_453' title='bbox 112 4523 211 4658; x_wconf 60' lang='lat' dir='ltr'>fimus</span> <span class='ocrx_word' id='word_1_454' title='bbox 217 4552 652 4651; x_wconf 69' lang='lat' dir='ltr'><strong>sumt,5‚0riuntur‚quo</strong></span> <span class='ocrx_word' id='word_1_455' title='bbox 666 4521 907 4625; x_wconf 86' lang='lat' dir='ltr'><strong>intelligamus,</strong></span> <span class='ocrx_word' id='word_1_456' title='bbox 922 4516 1002 4714; x_wconf 70' lang='lat' dir='ltr'><strong>alrap</strong></span> <span class='ocrx_word' id='word_1_457' title='bbox 1001 4510 1085 4712; x_wconf 48' lang='lat' dir='ltr'><strong>§gie</strong></span> <span class='ocrx_word' id='word_1_458' title='bbox 1105 4507 1309 4608; x_wconf 74' lang='lat' dir='ltr'><strong>disrunslas,</strong></span> <span class='ocrx_word' id='word_1_459' title='bbox 1321 4509 1545 4614; x_wconf 76' lang='lat' dir='ltr'><strong>quaeratione</strong></span> <span class='ocrx_word' id='word_1_460' title='bbox 1558 4513 1763 4615; x_wconf 61' lang='lat' dir='ltr'><strong>Principio.</strong></span> <span class='ocrx_word' id='word_1_461' title='bbox 1791 4511 1795 4520; x_wconf 74' lang='grc'>,</span> 
     </span>
     <span class='ocr_line' id='line_1_44' title="bbox 313 4632 1766 4716; baseline -0.034 0"><span class='ocrx_word' id='word_1_462' title='bbox 313 4705 322 4716; x_wconf 93' lang='grc'><strong>.</strong></span> <span class='ocrx_word' id='word_1_463' title='bbox 539 4678 544 4686; x_wconf 90' lang='grc'><strong><em>·</em></strong></span> <span class='ocrx_word' id='word_1_464' title='bbox 1085 4632 1108 4690; x_wconf 71' lang='lat'><em>2</em></span> <span class='ocrx_word' id='word_1_465' title='bbox 1684 4634 1766 4701; x_wconf 65' lang='lat' dir='ltr'><strong>mm</strong></span> 
     </span>
    </p>
   </div>
   <div class='ocr_carea' id='block_1_6' title="bbox 0 0 2004 5220">
    <p class='ocr_par' dir='ltr' id='par_1_17' title="bbox 0 0 2004 5220">
     <span class='ocr_line' id='line_1_45' title="bbox 0 0 2004 5220; baseline 0 0"><span class='ocrx_word' id='word_1_466' title='bbox 0 0 2004 5220; x_wconf 95' lang='lat' dir='ltr'><strong> </strong></span> 
     </span>
    </p>
   </div>
  </div>
 </body>
</html>
