3876 5234
264 315 271 346 ,
386 219 418 350 χ,
484 171 624 344 Cupis
648 235 708 320 Dc
724 232 910 339 Principiis
926 245 966 314 i'n
982 236 1123 366 Natura
1135 233 1358 318 Mithrenis:
1525 182 1529 188 ¹
1640 251 1725 344 13¹5
1782 245 1847 356 a·

77 431 203 516 partem
218 411 427 515 qualitatum
442 413 726 515 manifestarum,
758 413 990 516 inquantum
1019 411 1216 492 manifesta
1230 413 1327 506 sunt,
1350 413 1586 498 demonstrari
1609 415 1720 522 polle.

75 519 111 592 ln
126 527 332 616 quotamen
348 515 456 596 ctiam
471 541 621 617 magnos
634 523 787 616 ingenio
802 517 928 593 noll-ro
949 515 1078 618 limites
1118 514 1228 592 ositos
1241 513 1309 594 elle
1323 517 1495 596 videmus.
1547 523 1721 622 Eousque
1808 569 1813 575 -

72 616 161 694 enim
185 616 247 722 ilia¹
267 618 407 696 noiiia
435 620 575 697 iocedit
596 615 815 720 speculatio,
854 642 1049 720 quousque
1074 541 1211 703 linium
1238 640 1316 694 non
1342 619 1525 698 excedunt
1554 645 1719 721 corpora.

71 713 226 820 ideoque
240 717 338 797 oculi
358 644 442 828 ipsi),
463 739 544 798 utut
560 719 678 822 ignei,
700 718 901 824 &specillis
913 718 1053 817 armati,
1076 725 1117 797 in
1133 717 1290 797 minimis
1305 743 1502 828 corporum
1518 723 1721 825 deprehen·
1760 793 1762 802 .

70 819 190 900 dendis
206 813 389 913 iacilant,
411 821 448 900 di
464 819 630 924 suspicaci
651 821 800 922 ingenio
816 821 1001 925 suppletu,
1039 829 1078 896 in
1094 817 1390 922 qulbus'minima
1405 845 1481 899 non
1496 823 1720 927 respondent

69 919 183 998 sensui.
219 929 342 1024 Atque
358 925 434 1000 haec
448 924 623 1026 principia
639 946 724 1000 vere
738 925 819 1000 sunt
830 923 1006 1026 principia
1022 921 1237 1000 mechanica.
1290 922 1500 1002 Mechanica
1513 925 1611 1004 enim
1624 951 1719 1006 con·

69 1018 144 1098 siliic
157 1023 194 1098 in
215 1044 321 1104 motu
337 1021 417 1102 &fi
441 1051 511 1104 ura.
564 1025 616 1102 Ex
628 1030 819 1126 utriusque
840 1023 938 1100 enim
967 1022 1239 1102 combinatione
1253 1022 1387 1102 diversa
1409 1043 1467 1104 tot
1481 1025 1716 1127 pulcherrima

68 1121 140 1203 artis
153 1122 349 1226 speilacula
366 1051 461 1206 traici
476 1126 660 1218 videmus,
699 1146 741 1203 ut
756 1124 875 1228 negari
890 1149 967 1203 non
984 1123 1135 1218 debeat,
1168 1145 1331 1204 naturam
1348 1125 1445 1203 smili
1466 1149 1571 1208 motu
1586 1155 1718 1233 proce-

68 1223 145 1302 dere
158 1227 196 1303 in
212 1252 412 1330 corporum
427 1227 572 1308 suorum
587 1225 887 1312 formationibus,
899 1223 940 1305 ἃ
952 1224 990 1301 in
1005 1223 1191 1306 effetubus
1205 1225 1275 1306 suis
1287 1227 1542 1329 producendis
1593 1235 1718 1314 Nemo

66 1325 131 1404 hoc
143 1327 363 1406 luculentius
377 1329 546 1436 depinxit
560 1327 684 1423 nobb,
722 1352 830 1429 quam
847 1327 1048 1432 Leibnitius
1068 1327 1107 1404 in
1130 1330 1265 1405 Thoria
1285 1326 1342 1407 sua
1356 1325 1464 1404 nlius
1486 1331 1647 1428 abstrahit,
1675 1336 1730 1418 iii,

89 1453 129 1506 ua
142 1429 232 1510 iiiira
248 1431 423 1510 brevitate
437 1427 622 1522 recenset,
638 1430 746 1532 quam
762 1429 855 1508 varia
872 1427 949 1506 lieri
965 1425 1098 1534 pollint
1112 1427 1151 1508 iii
1175 1450 1299 1508 natura
1364 1455 1382 1507 r
1403 1432 1717 1520 combinationem

66 1451 173 1632 igurae
191 1529 383 1630 &motus;
406 1532 445 1611 dc
464 1532 645 1626 Borellus,
660 1544 697 1606 in
712 1533 792 1608 liiri
809 1531 847 1606 de
860 1543 896 1606 iii·
904 1533 1116 1636 piraiffloni's,
1131 1555 1179 1608 eo
1195 1555 1307 1634 proce
1334 1554 1389 1633 it,.
1403 1531 1495 1611 utin
1512 1534 1592 1637 ipss
1606 1541 1716 1618 mini·

64 1640 124 1709 inis
143 1635 253 1712 etiam
278 1633 460 1738 particulis
483 1629 694 1736 agnosceret
707 1631 945 1710 diverhtatem
962 1631 1087 1711 haruin
1103 1631 1309 1733 figurarum,
1349 1652 1392 1712 ut
1410 1635 1582 1735 quasdam
1603 1641 1715 1726 veuls

63 1733 188 1814 habere
205 1733 353 1838 figuram
367 1733 526 1833 diceret,
542 1733 712 1837 quasdam
729 1759 948 1827 cuneorum,
970 1731 1008 1810 δε
1023 1757 1070 1811 eii
1092 1732 1186 1812 varia
1201 1733 1391 1836 figurarum
1410 1736 1554 1816 istarum
1569 1743 1714 1828 mistura

62 1833 314 1942 iieiqieuiios
328 1836 420 1942 sepe
433 1836 583 1918 effecius
597 1833 767 1938 subsequi.
820 1835 879 1916 Sic
896 1835 999 1938 quod
1015 1835 1144 1916 vitrum
1160 1835 1326 1915 rotundae
1344 1835 1470 1920 forme
1485 1848 1608 1944 rumpi
1625 1871 1715 1949 pos.

63 1936 204 2017 strono
217 1937 405 2030 consono,
446 1939 702 2044 imputandum
728 1937 781 2016 esi
805 1937 963 2016 niininiis
977 1937 1061 2016 vitri
1075 1935 1273 2043 particulis,
1311 1964 1391 2040 que
1411 1961 1539 2020 tenues
1552 1947 1714 2048 quaedaiii

61 2039 131 2118 sunt
142 2041 323 2120 armillulae
337 2039 533 2136 iulienses,
565 2065 644 2141 quc
658 2063 764 2120 motu
779 2039 892 2118 totius
909 2038 1093 2141 corporis,
1107 2039 1166 2116 vel
1185 2038 1308 2142 potius
1324 2041 1479 2118 materiae
1498 2041 1634 2125 subtilis
1651 2075 1715 2132 aut

62 2143 238 2237 ethereae,
256 2167 336 2245 quae
350 2150 391 2220 in
406 2143 522 2245 spatiis
537 2141 621 2218 vitri
634 2141 788 2233 habitat,
803 2141 1116 2244 constringuntur,
1130 2140 1349 2241 usquedum
1363 2141 1577 2245 frangantur.
1629 2151 1714 2237 Vid,

61 2243 214 2346 pluribus
228 2243 389 2323 borellus
403 2258 439 2320 in
458 2245 511 2319 lib.
528 2256 635 2320 citati.
671 2241 757 2321 ·Sed
774 2243 934 2320 subtilior
949 2245 1002 2319 est
1017 2241 1079 2347 illa
1098 2241 1343 2344 Philosophia,
1364 2267 1471 2345 quam
1495 2268 1538 2326 ut
1555 2247 1712 2333 demon·
1845 2325 1849 2333 .

61 2345 171 2424 stratio
189 2345 485 2443 eiushlethanica
498 2345 538 2421 in
553 2342 669 2422 sensus
683 2342 865 2422 incurrere
880 2341 1010 2446 possit,
1048 2343 1295 2422 Nihilominus
1309 2365 1432 2422 tamen
1447 2352 1621 2432 intentata
1638 2354 1715 2452 ejus

61 2447 293 2528 consideratio
308 2447 412 2540 facit,
434 2471 476 2526 ut
492 2443 749 2562 suspicionibus
767 2445 873 2522 eciam
891 2443 1040 2549 scopum
1055 2444 1219 2524 nostium
1231 2443 1416 2539 feriamus,
1428 2474 1513 2552 ⁴quac
1528 2449 1712 2540 interdum
1768 2531 1776 2540 .

61 2551 176 2631 multis
194 2547 402 2654 magnisque
419 2548 576 2628 inventis
590 2545 817 2627 occasunem
833 2547 1071 2650 praebuerunt.
1118 2549 1177 2626 Sic
1192 2545 1296 2626 inulti
1314 2549 1394 2626 sunt
1415 2550 1452 2630 in
1468 2577 1591 2632 natura
1605 2563 1712 2640 mira·

60 2649 138 2730 biles
153 2649 322 2745 elladius,
343 2653 391 2730 de
406 2676 564 2753 quoium
587 2646 696 2727 causis
710 2647 878 2726 acerrima
893 2649 1089 2752 disputatio
1103 2649 1174 2749 est,
1194 2645 1364 2726 disimilis
1389 2657 1428 2727 in
1443 2655 1554 2734 varias
1568 2655 1712 2740 senten-

61 2755 116 2831 tias
131 2753 357 2834 Scholasticis
379 2749 584 2854 &Physicis
604 2767 737 2828 nature
752 2749 937 2845 Ptailicis,
956 2775 1037 2852 quae
1051 2767 1170 2829 tamen
1191 2749 1280 2852 saepe
1296 2749 1371 2827 solo
1386 2753 1602 2836 Mechanico
1619 2786 1714 2864 quo.

59 2854 133 2932 dam
146 2856 349 2960 principio,
366 2875 426 2934 aut
438 2850 641 2931 neceffitate
656 2848 897 2955 dispostionis
911 2851 1115 2954 cujusdam,
1130 2849 1189 2932 vel
1204 2849 1412 2956 superficiei,
1425 2857 1484 2937 vel
1499 2858 1611 2942 totius
1627 2889 1712 2968 corf

59 2959 163 3060 poris,
178 2957 333 3038 fehciter
346 2954 507 3065 expediri
521 2949 677 3060 poliunt.

158 3271 291 3374 Magna
307 3265 551 3348 controversa
566 3265 656 3363 fuit,
693 3292 851 3371 citraque
866 3289 1054 3384 narigrnvqt
1067 3269 1171 3354 iiiam,
1191 3273 1248 3370 qui
1263 3263 1324 3364 sai
1337 3271 1602 3378 aqtiiiamiiisat,
1640 3305 1709 3358 iiim
1746 3319 1772 3380 ς

58 3390 156 3446 riman
178 3405 210 3450 m
283 3384 289 3399 '
301 3375 453 3475 ponderis
465 3377 557 3448 milii
577 3375 626 3444 illi·
639 3369 835 3545 tiiciiiiibirl.¹
882 3370 1061 3448 Hicvana
1082 3374 1284 3448 commenti
1296 3365 1377 3548 lsqnt
1398 3375 1584 3550 nlonnulli,
1602 3377 1711 3498 aliqui
1770 3389 1773 3394 ’

57 3472 376 3680 histriis&
390 3468 1293 3690 ildllttllttlllllillisltllha
1312 3479 1528 3689 attilii
1541 3478 1710 3682 illisi:

58 3687 149 3767 iiim,
171 3679 211 3758 in
227 3703 304 3780 quo
320 3703 366 3756 ex
382 3677 573 3780 principiis
587 3671 811 3752 Mechanicls
827 3673 1068 3766 deinonstrat,
1102 3697 1181 3752 non
1193 3669 1293 3776 polle
1312 3672 1413 3756 ahter
1425 3701 1503 3756 rem
1519 3678 1709 3771 sehabere,

58 3778 231 3861 Carcesius
250 3781 482 3884 operationes
504 3775 710 3856 animalium
732 3781 854 3854 omnis
868 3775 1008 3876 generis
1021 3774 1085 3854 soli
1101 3772 1326 3878 dispositioni
1345 3779 1521 3879 organica
1532 3782 1710 3886 adscribit,

58 3903 134 3980 quae
147 3905 270 3964 tamen
290 3878 555 3962 omniasoriiiis
575 3876 644 3958 suis
662 3877 898 3980 Peripatetici,
958 3877 1072 3970 ¹ilinc
1085 3875 1207 3957 onmia
1222 3877 1275 3954 illi
1289 3877 1505 3960 admirabilia
1519 3884 1709 3974 brutorum

52 3976 165 4082 'opera
178 3984 378 4065 deducunt.
430 3978 516 4062 Vld.
532 3984 671 4060 Ancon.
686 3978 719 4055 ie
733 3979 912 4060 Grandia
925 3979 1006 4056 libro
1019 3983 1057 4056 dc
1073 3991 1246 4082 ciigni'ti'onc
1260 3988 1442 4060 Brutorum.
1493 3983 1540 4064 Et
1552 3985 1728 4093 aliquam,

57 4081 128 4179 ejus
151 4083 205 4164 rei
228 4081 571 4182 verisimilitudinem
595 4081 665 4160 esse
680 4080 880 4162 ostendunt
901 4081 1023 4162 statuae
1049 4081 1114 4160 illae
1135 4080 1383 4183 aquibusdam
1405 4085 1603 4182 conseilae,
1627 4118 1710 4199 quae

57 4205 186 4270 vocem
200 4185 392 4271 humanam
405 4184 535 4272 inritati
547 4203 764 4292 potuerunt,
778 4182 921 4290 qualem
936 4183 1070 4268 Albert.
1085 4181 1447 4290 Magnusconseeisse
1459 4181 1602 4276 dicitur.

788 4549 1040 4674 '·(ttr)2
1260 4703 1262 4708 Ι
1367 4487 1428 4652 .’
1586 4563 1713 4665 CAP.
