3908 5202
466 267 555 378 Cap.
580 268 753 353 XLVIII.
804 267 863 350 De
883 269 1043 378 Senfibrls
1065 273 1290 358 animalium.
1337 351 1340 358 ,
1629 313 1705 388 447

55 467 154 545 qoam
168 443 370 548 ut‘ptobct,
382 441 687 548 praeexistentiam
699 445 907 522 animarum
920 444 1023 524 lieris
1037 445 1150 526 literis
1176 445 1245 524 elle
1261 445 1548 552 consentaneam,
1566 454 1606 532 ἃ
1626 459 1699 558 ple

36 569 245 646 'torumque
261 545 407 640 Parrum
426 570 467 621 ac
480 544 792 646 Philomphotttm
809 545 992 622 sententiis
1009 548 1297 650 comprobatam.
1320 548 1591 632 Platonicorum
1601 559 1698 634 enim

10 643 13 658 '
51 644 207 748 suffragia
222 643 504 745 frequentissima
520 645 638 722 habet.
688 647 813 724 Totus
833 647 928 722 ineo
945 643 1007 746 est,
1023 669 1075 744 ut,
1091 673 1168 724 non
1182 646 1332 728 nilisola
1348 649 1414 725 hac
1428 655 1567 730 ratione
1605 655 1724 734 ciffi..

51 747 188 822 cultates
210 749 301 823 circa
321 749 453 822 animoe
467 747 652 848 originem
670 743 850 824 monstret
897 745 970 822 osse
986 746 1163 848 expediri,
1203 771 1291 846 quas
1308 773 1437 828 omnes
1452 717 1630 856 recenset,
1659 761 1698 838 ἃ

50 850 266 948 argumentis
280 846 585 924 Adversariotunr
601 845 805 946 respondet.
854 772 1033 923 &eretum
1056 845 1091 922 S.
1116 850 1228 924 literis
1254 847 1291 924 ὃ(
1316 847 1481 929 Patribus
1502 859 1696 955 perversos

50 941 134 1050 sape
152 945 268 1049 sensus
286 949 473 1052 impingit,
489 947 527 1026 ἃ
542 971 620 1048 non
635 971 719 1024 rato
733 945 927 1024 Haereseos
946 945 1016 1022 suae
1031 946 1167 1052 spargit
1181 948 1324 1026 semina.

669 1119 1090 1236 canuntur,
1265 1265 1267 1269 v
1473 1247 1477 1256 ι

166 1433 169 1438 ¹
250 1295 363 1404 DE
430 1291 855 1410 SENSIBUS
925 1295 1478 1483 ANIMALIUnt.

47 1539 74 1640 ᾖ.
91 1565 120 1619 l.
142 1543 272 1643 Cartessi
281 1542 443 1641 [enormia
458 1537 554 1613 brute
564 1539 697 1640 scnssbtcs
705 1541 850 1644 spolians,
865 1541 1070 1644 improbatur.
1121 1547 1233 1616 Marus
1242 1541 1426 1641 'scrisiationis
1439 1543 1619 1618 celerrimus
1634 1552 1693 1619 uix

179 1640 424 1747 pervestigabiir's.
476 1643 556 1738 Joh.
571 1643 659 1744 Alpi.
669 1643 783 1714 Borelli
796 1647 922 1745 Scripta
936 1645 974 1716 de
989 1664 1078 1718 motu
1092 1648 1354 1716 commendantur.
1408 1665 1440 1718 2.
1458 1643 1573 1742 Vificm,
1589 1645 1633 1721 ὅ
1644 1673 1692 1718 co-

180 1765 300 1852 gnatas
313 1745 352 1816 dc
368 1739 528 1825 coloribus,
544 1745 647 1827 oculis,
658 1741 800 1844 speculis,
817 1746 940 1830 liciniae,
956 1745 1121 1832 dosiriuas,
1136 1741 1192 1844 fibi
1206 1746 1352 1818 oirtdicet
1374 1750 1491 1847 Optica.
1544 1771 1577 1840 3.
1594 1748 1690 1818 Audi-

187 1867 259 1918 trcm
274 1845 419 1940 Acujlica.
469 1841 675 1939 sttslrumcrtta
697 1869 766 1914 eum
789 1845 981 1940 aciy'tctrontia.
1031 1847 1106 1916 Serri
1131 1865 1249 1916 natura
1271 1841 1314 1918 ὅ
1334 1845 1505 1942 dracrssras.
1554 1853 1690 1920 Acriores

185 1947 247 2018 bue
255 1943 440 2048 spoliantes.
489 1967 522 2038 4.
539 1943 651 2015 Oderit
665 1940 708 2018 ὅ
717 1945 999 2017 odorartcsnatura.
1054 1949 1233 2047 Curplurco
1247 1943 1586 2046 ocleantbrtcta‚qucrn
1597 1951 1691 2022 homi·

183 2041 267 2119 nes?
293 2045 444 2118 Dossrinct
457 2050 521 2138 ejus
540 2044 683 2142 neglec‘sa.
740 2071 768 2137 5.
785 2045 894 2138 (influe
912 2041 956 2117 Εἴ
965 2045 1089 2146 stiparis
1101 2055 1185 2118 ratio
1199 2063 1296 2144 atque
1312 2053 1399 2144 origo
1419 2071 1439 2116 a
1445 2045 1564 2146 papillis
1577 2049 1686 2146 lingua
1802 2031 1809 2048 ⁸

184 2157 316 2219 necarit.
365 2147 541 2242 Scriptores
557 2143 707 2215 deieceriia
722 2145 920 2246 qttoruudam
932 2144 1116 2244 prodigiofit.
1169 2144 1330 2226 &Tassat
1343 2163 1469 2215 nature.
1520 2170 1554 2239 7.
1569 2145 1686 2242 Dcfirra

170 2243 260 2342 fibris
272 2253 405 2318 intererit
422 2241 536 2312 rcellus
556 2245 722 2340 Geraestum
733 2245 854 2326 dorent,
867 2269 961 2343 quam
977 2244 1169 2338 Aristotelici.
1219 2246 1396 2345 Scriptores
1409 2246 1446 2314 dc
1460 2252 1686 2344 imaginatione,

180 2373 248 2448 quc
268 2352 338 2420 Pet.
352 2349 571 2444 Pomponctucs
585 2339 627 2418 ss
643 2347 715 2442 Jul.
734 2339 803 2441 Ccfi
825 2347 961 2416 Veniens
981 2365 1093 2416 contra
1111 2347 1288 2445 religionem
1292 2344 1372 2446 fient
1390 2339 1479 2444 abest.

159 2543 221 2622 ihil
238 2542 289 2620 est
305 2543 486 2646 vulgatius
502 2539 714 2638 sensatione,
729 2541 799 2620 seri
813 2545 862 2621 ita
875 2548 1072 2622 tamenalte
1087 2541 1207 2620 abdita
1221 2544 1297 2645 ejas
1312 2545 1552 2648 principin,ut
1565 2549 1602 2621 in
1612 2545 1685 2622 sen·
1706 2569 1722 2622 t

49 2549 301 2830 Nsationis
325 2641 434 2720 causas
460 2641 587 2719 dandis
608 2643 863 2720 sufficientibus
885 2643 1107 2720 deficiamus.
1156 2643 1429 2724 inanimalibus
1450 2645 1701 2724 sensationem*
1722 2689 1729 2702 ι
1751 2663 1753 2670 “

158 2747 248 2824 nihil
267 2743 347 2842 esse,
366 2765 500 2847 prater
515 2767 672 2843 motum,
689 2742 884 2819 Cartesrani
900 2745 1011 2842 ajunt,
1026 2747 1063 2820 in
1080 2744 1231 2818 homine
1247 2769 1338 2819 vero
1354 2766 1573 2822 concurrere
1587 2772 1686 2824 men·

157 2850 202 2924 ris
216 2845 462 2948 operationes,
476 2842 636 2942 ideoque
654 2841 793 2918 sensum
811 2842 855 2918 ab
872 2843 1056 2918 intellesiu
1074 2839 1321 2945 nonsejungit
1337 2842 1528 2922 Cartesrus.
1581 2845 1687 2924 Cete-

47 2951 274 3024 taanitnantia
289 2968 334 3020 ne
356 2943 484 3018 sentite
500 2943 650 3040 quidem
664 2939 854 3041 existimat,
877 2968 987 3041 quant
999 2941 1208 3018 sententiam
1223 2942 1286 3017 suo
1312 2942 1397 3020 loco
1423 2969 1492 3020 nos
1516 2948 1684 3042 relinqui·

49 3067 125 3124 nus.
174 3047 247 3126 Res
263 3043 411 3145 quidem
425 3041 497 3146 ipsa
512 3043 590 3120 sartis
605 3045 734 3143 innuit,
743 3041 879 3121 'sentire
894 3045 950 3119 illa
965 3069 1042 3118 non
1061 3042 1190 3140 solum,
1211 3041 1272 3118 sed
1296 3043 1333 3120 δι
1354 3047 1544 3148 percipere
1565 3041 1696 3147 ipsstnt.

47 3141 180 3248 sensum,
196 3147 303 3248 quod
317 3169 438 3222 tatncn
452 3143 605 3247 negabat
621 3141 816 3243 Camelitas,
858 3146 906 3244 ui,
934 3144 1212 3246 perceptionem
1228 3141 1346 3219 sensus
1365 3143 1564 3222 intellesius
1587 3169 1684 3247 opus

49 3241 113 3344 esse,
130 3243 282 3350 putavit.
332 3243 540 3320 Secundum
562 3246 659 3320 enim
676 3267 749 3320 tres
772 3171 907 3346 graius
922 3266 1087 3320 naturam
1105 3241 1274 3318 senfionis
1291 3242 1463 3344 distinxit,
1490 3267 1537 3320 ex
1559 3268 1694 3321 mente·

49 3341 199 3444 Cartesti,
233 3347 420 3423 Antonius
444 3343 478 3418 le
498 3341 641 3442 Grand,
658 3369 678 3418 e
693 3344 826 3440 quibus
840 3341 1012 3447 gradibus
1031 3344 1178 3417 tertium
1197 3341 1263 3418 soli
1274 3329 1418 3419 homini
1441 3344 1575 3421 tribuit.
1626 3345 1683 3420 ln·

48 3453 151 3544 tettan,
166 3447 190 3522 li
205 3471 371 3522 externas
395 3442 623 3544 respiciamus
640 3441 931 3541 circumstantias,
939 3465 1083 3521 motum
1097 3441 1246 3540 quidem
1267 3447 1423 3522 omnino
1440 3443 1682 3546 deprehendi·

47 3563 114 3621 mus
123 3545 392 3640 subtilissimum,
405 3545 649 3641 celerrimum,
659 3541 1052 3642 instantaneunr,qualis
1060 3565 1184 3618 tnotus
1201 3539 1332 3640 quibus
1347 3547 1464 3645 princi
1494 3547 1535 3621 'ris
1551 3543 1682 3649 diriga-
1732 3607 1736 3620 .

48 3661 105 3740 rut,
119 3671 171 3724 res
180 3645 351 3750 profesto
360 3641 494 3726 nonest
506 3633 600 3719 adeo
608 3643 834 3745 expeditam
843 3643 990 3742 quidntn
999 3641 1211 3718 existimant.
1220 3643 1313 3718 Non
1330 3645 1449 3744 depen
1478 3666 1540 3722 ent
1552 3669 1681 3723 omnes

48 3741 88 3816 illi
103 3772 219 3825 tnotus
235 3747 280 3824 ab
296 3743 441 3844 objesio
457 3767 621 3820 externo.
671 3741 1000 3848 Qemadmodutn
1016 3743 1194 3818 Henr.Re
1225 3745 1290 3842 ius,
1298 3753 1329 3816 in
1339 3742 1525 3845 Philosophia
1532 3750 1681 3832 maureli,

48 3841 263 3936 lib.4,c‚1ct·ex
279 3853 401 3922 mente
420 3841 580 3942 Cantasti,
597 3843 676 3920 satis
691 3841 841 3942 quidem
859 3865 1031 3940 accurate,
1049 3767 1241 3945 descripit.
1289 3845 1381 3918 Sunt
1398 3848 1494 3919 eninr
1517 3848 1554 3922 in
1566 3845 1682 3924 brutis

49 3965 179 4044 quoque
195 3945 434 4024 animantibus
448 3946 555 4041 aliqui
572 3941 759 4046 spontanei
774 3966 917 4042 morus,
936 3969 955 4018 a
972 3944 1072 4019 nullo
1092 3945 1275 4046 principio
1297 3942 1538 4030 determinati.
1589 3943 1680 4022 Exa-

48 4047 190 4122 minandi
204 4049 323 4123 tamen
341 4047 487 4120 interim
503 4045 608 4119 nobis
622 4042 703 4118 sunt
723 4040 777 4117 isti
795 4064 930 4141 motus,
946 4043 984 4120 ἃ
1006 4065 1182 4141 quantum
1200 4049 1247 4118 de
1269 4067 1398 4120 eorum
1415 4065 1597 4147 naturaap
1628 4047 1681 4122 r'e·

49 4137 189 4222 hendere
207 4145 405 4248 poliuntur,
424 4167 562 4220 tantum
578 4143 622 4218 ad
645 4141 915 4219 illustrationem
932 4143 1038 4242 hujus
1060 4141 1237 4218 dositinae
1262 4142 1537 4219 conferendum.
1590 4072 1680 4221 lien.

48 4233 203 4344 Dtgbaeus
218 4249 265 4344 (in
276 4247 445 4342 Demorrjir.
458 4249 603 4318 sermore,
616 4241 760 4340 Anima)
772 4242 970 4318 &Gualth⁸
987 4242 1229 4327 Charietonus
1245 4245 1291 4343 (in
1306 4244 1433 4341 Peyssol.
1441 4243 1515 4344 sua)
1529 4243 1683 4344 sensum,

50 4336 267 4438 &paliares
285 4345 447 4441 sensiles,
480 4370 544 4418 cor
574 4369 637 4420 ota
654 4343 721 4418 esse
740 4343 913 4442 statuunt,
946 4341 1004 4417 sed
1028 4341 1124 4418 falso.
1175 4341 1263 4420 Esto
1281 4345 1390 4443 enirn,
1406 4346 1588 4441 qualitates
1605 4345 1680 4422 illas

48 4446 217 4532 particulas
233 4443 300 4521 esse
315 4446 495 4539 minimas,
512 4467 530 4520 e
545 4371 703 4542 iitbjesio
720 4467 765 4518 ex
796 4441 898 4536 ulsas3
925 4441 1061 4518 sensum
1083 4465 1201 4520 tamen
1222 4467 1288 4544 per
1303 4443 1337 4518 se
1352 4468 1429 4520 non
1443 4444 1590 4542 fuciunt,
1618 4441 1680 4521 sed

50 4559 206 4630 qnatenus
221 4569 356 4624 nervos
371 4543 545 4622 sensorios
563 4542 707 4620 feriunt.
750 4469 800 4620 sir
822 4567 892 4642 qua
913 4545 1155 4645 applicatione
1178 4542 1328 4618 illorum
1339 4543 1392 4621 ad
1421 4549 1557 4622 nervos
1564 4601 1575 4644 ,
1597 4567 1682 4661 quae

450 4685 465 4694 ··
1593 4669 1681 4721 accr-
