3972 5226
383 245 465 354 op.
480 251 506 332 i
519 243 695 360 omn
708 244 861 350 usion
879 222 1355 342 uamaisnhstuumu,
1377 193 1502 340 &ci
1668 255 1751 350 'ur
1823 343 1830 352 ,

97 425 149 508 vel
162 425 238 525 cius
250 439 607 536 parrespeirlneaot,
621 459 667 514 eii
681 433 953 538 operationibus
967 453 1173 511 ceterorum
1188 451 1386 532 corporum
1409 423 1678 520 mundariontrn
1703 431 1749 514 in
1885 501 1896 514 .

98 531 186 610 liunt
200 534 485 614 terroe'Globum
502 533 691 641 perduse.
741 539 837 642 Qae
851 533 930 637 pars
948 529 1099 638 Phyficae
1114 557 1199 610 cum
1215 553 1335 638 pateat
1355 525 1533 628 latissime,
1557 535 1641 612 cuin
1669 533 1745 614 ita

97 627 242 712 senibus
256 633 506 726 rernotiffima,
525 637 590 718 nifi
604 637 705 718 sorte
724 663 770 716 ex
792 635 924 717 elledlu
947 633 1110 739 quaedam
1132 624 1357 724 dimitemus,
1383 631 1513 710 mirum
1535 655 1615 712 non
1629 635 1700 722 est,
1724 661 1745 724 a

96 732 197 849 uobis
209 759 290 814 non
306 735 408 850 polle
420 737 645 918 apprehendi
659 737 808 819 effeslus
829 763 875 816 ex
890 739 946 816 liis
968 735 1080 816 causis
1099 757 1329 850 propagatas,
1355 755 1397 812 ut
1418 723 1569 812 fortassis
1598 734 1747 838 plurimi
1954 791 1955 818 r

96 833 171 913 sunt
186 859 226 914 iri
241 859 379 916 natura.
484 839 678 924 tardemus
693 839 967 942 quodammodo
982 837 1022 918 in
1036 837 1226 916 influxibus
1246 859 1444 940 corporum
1466 833 1747 920 Planetariorum
1892 867 1896 876 ’

96 931 243 1016 inhunc
256 935 407 1040 globum
422 960 663 1043 terraqueum‚
677 963 835 1045 quorum
858 939 1007 1020 elseslus
1029 937 1150 1044 pallini
1182 935 1465 1044 deprehendunt
1494 936 1547 1014 illi
1579 937 1750 1042 opifices,

99 1059 250 1138 quorum
265 1040 503 1142 operationes
515 1043 573 1123 vel
594 1045 688 1124 cirea
707 1043 1039 1146 maisamaqueam,
1066 1040 1123 1119 vel
1147 1039 1239 1118 circa
1262 1035 1401 1116 niallam
1421 1061 1527 1146 terre
1547 1039 1749 1134 versantur,

100 1138 1749 1348 airrisuaarlacrimareirtrrtiuuaarum
1881 1272 1883 1283 r

759 1309 764 1320 ·
1369 1317 1371 1338 .
1430 1297 1441 1332 i

99 1341 234 1420 tertium
251 1342 396 1445 pollint.
432 1298 651 1426 'Referenda
663 1333 855 1426 'etiamhuc
875 1345 929 1425 est
949 1343 1153 1448 Astrologia
1167 1341 1221 1420 illa
1235 1341 1449 1420 divinatoris
1464 1343 1747 1448 Naturalisquc

100 1442 185 1520 adeo
201 1444 339 1530 incerta
353 1444 392 1522 dc
412 1443 517 1526 fallax
530 1449 608 1533 ‘esta
633 1449 672 1528 ἃ
692 1447 762 1528 elle
784 1451 908 1526 raineri
926 1445 1096 1548 aliquam,
1122 1449 1160 1521 in
1176 1453 1299 1522 natura
1317 1468 1321 1476 ‘¹
1337 1441 1542 1536 firndatam,
1566 1467 1641 1542 tani
1656 1455 1750 1528 ratio
1799 1535 1804 1542 ,

99 1541 163 1648 ipsa
181 1543 337 1632 dissicet,
363 1571 470 1648 quarn
484 1569 639 1638 eventus
652 1547 854 1630 confirmat.
932 1547 1088 1628 Accedit
1103 1545 1210 1625 etiam
1222 1541 1306 1624 huic
1321 1544 1488 1624 naturalis
1503 1546 1666 1648 quaedam
1684 1556 1750 1648 bo«,

101 1643 232 1724 ninum
247 1650 342 1724 circa
356 1648 563 1726 universalia
577 1647 750 1730 socordia
831 1649 976 1729 Plurimi
998 1648 1120 1734 enini,
1141 1645 1183 1724 in
1197 1644 1357 1724 minutiis
1373 1643 1605 1750 &particulis
1630 1675 1750 1750 terum

101 1755 287 1850 occupati,
310 1772 391 1828 non
405 1749 499 1828 adeo
515 1749 613 1830 sinlul
634 1752 830 1856 respiciunt
850 1753 896 1830 ad
919 1750 1022 1844 huius
1043 1745 1196 1829 univers
1227 1743 1447 1846 machinam,
1473 1745 1574 1840 cuius
1599 1745 1761 1848 intuitu,

102 1844 375 1964 sicogitatlones
397 1852 669 1943 extolleremus,
695 1849 796 1931 aliam
818 1851 999 1930 interdum
1023 1874 1155 1932 nature
1180 1837 1310 1928 sac'iem
1342 1849 1565 1942 videremus,
1592 1849 1628 1930 ἃ
1656 1865 1755 1955 qua:

102 1950 176 2028 dun
190 1951 401 2054 incertiora
419 1979 441 2030 e
456 1952 800 2034 considerationibus
812 1954 882 2031 illis¹
896 1949 1143 2044 formaremus,
1174 1972 1281 2060 quam
1296 1975 1396 2029 nunc
1409 1949 1756 2052 quidem-novimus.

104 2051 196 2130 Hinc
217 2050 396 2154 possemus
421 2054 596 2133 certiores
621 2053 874 2159 tempestatum
899 2055 1038 2151 regulas
1063 2059 1239 2144 formare,
1263 2075 1423 2130 cometas
1449 2052 1663 2159 predicere,
1689 2056 1755 2136 frl·

103 2155 216 2254 gidam
232 2151 290 2230 vel
305 2153 458 2234 calidam
466 2157 558 2236 estis
569 2157 783 2258 temperiem
814 2155 1052 2260 prenoscere,
1078 2153 1162 2234 fiad
1178 2153 1427 2232 habitudinem
1443 2152 1549 2240 alitis,
1573 2179 1756 2256 aquarum,

105 2281 219 2348 terre,
240 2255 380 2358 semper
392 2255 667 2360 respiceremus,
687 2256 992 2336 &collationibus
1016 2258 1173 2340 mutuis,
1197 2280 1239 2332 ac
1258 2253 1588 2340 observationibus,
1610 2263 1648 2332 in
1665 2257 1758 2340 locis

108 2355 242 2438 dirersis
256 2357 383 2448 habitis
397 2383 417 2434 a
431 2343 605 2462 plurimis,¹
622 2358 790 2462 augustiae
805 2357 911 2454 unius
925 2353 1357 2458 ingeniisubveniremus.
1409 2355 1524 2461 Qiod
1538 2355 1687 2460 quidem
1698 2359 1756 2439 in·
1806 2367 1810 2374 '

106 2463 295 2540 stituerunt
310 2457 397 2550 socii
410 2461 529 2562 Angli,
546 2459 604 2540 sed
620 2485 666 2538 an
680 2455 848 2538 effessum
864 2455 979 2536 daturi
995 2455 1081 2547 fint,
1102 2455 1179 2538 dies
1202 2453 1361 2536 docebit.
1415 2459 1572 2541 Ratione
1591 2458 1761 2541 Astrolo-

108 2568 169 2666 giae
181 2561 421 2662 cogitationes
435 2563 607 2662 quasdam
625 2567 807 2670 proponit
822 2557 1110 2654 Verulamium
1124 2567 1301 2662 augmentis
1314 2563 1524 2636 scientiarum
1531 2555 1584 2636 lii.
1595 2589 1629 2660 5.
1644 2587 1708 2670 cip.
1725 2595 1757 2660 4

108 2665 270 2770 queleg'i
281 2665 352 2779 illic
365 2661 523 2772 possunt.

212 2871 393 2979 Phyficam
407 2871 575 2976 Sparsarn,
592 2867 662 2950 sire
682 2867 731 2948 de
746 2843 915 2952 varietate
940 2886 1073 2956 retum,
1085 2860 1253 2978 marsosum
1268 2859 1488 2977 duas‘partes
1503 2865 1651 2956 dividit,
1666 2869 1762 2974 Phy·
1778 2877 1826 2956 25

112 2972 208 3056 sicam
222 2975 270 3057 sc.
286 2975 335 3052 ile
349 2968 543 3069 concretis,
559 2973 597 3051 rs
616 2967 796 3073 Physicam
811 2968 859 3046 de
873 2965 1018 3046 naturis.
1070 2963 1191 3078 Altera
1204 2969 1358 3078 inquirit
1374 2964 1422 3041 de
1445 2962 1661 3055 substantiis,
1677 2997 1765 3052 curu

112 3078 206 3155 onini
221 3077 390 3167 varietate
402 3076 547 3156 suorum
562 3072 825 3168 accidentium
852 3069 958 3148 altera
972 3065 1019 3144 de
1042 3065 1304 3180 accidentiums
1327 3065 1433 3146 altera
1446 3066 1493 3144 de
1506 3069 1766 3172 ,accidentibus

111 3203 336 3280 peromnem
352 3177 557 3259 varietatem
572 3175 849 3256 substantiarum
901 3173 940 3248 E.
955 3193 988 3270 g.
1001 3166 1037 3244 Si
1051 3173 1252 3266 inquiratur
1266 3162 1313 3242 de
1327 3164 1448 3256 leone,
1462 3191 1612 3268 quercu,
1629 3170 1766 3254 &cilia

111 3284 205 3396 plura
220 3282 257 3361 dt
272 3280 408 3360 diversa
422 3277 621 3358 accidentia
635 3273 848 3353 suffulciunt.
901 3266 1083 3349 Contrasi
1106 3267 1305 3378 inquiratur
1316 3266 1365 3343 de
1389 3267 1508 3383 calore
1523 3271 1560 3347 ἃ
1582 3274 1768 3374 gravitate,
1800 3313 1806 3323 =
1839 3257 1847 3290 ⁴

111 3383 162 3462 illa
175 3382 335 3488 plurimis
348 3379 521 3460 distinctis
535 3376 732 3459 substantiis
747 3373 879 3453 insunt.
931 3367 1244 3475 Quandoquidem
1263 3391 1350 3478 veto
1366 3394 1485 3460 omnis
1508 3372 1650 3474 Physica
1670 3375 1768 3480 quali

113 3491 224 3566 inedia
241 3486 295 3564 est
309 3493 406 3564 inter
420 3481 615 3561 Historiam
632 3476 839 3558 Naturalem
853 3469 891 3550 ἃ
907 3469 1197 3572 Metaphysicam,
1212 3474 1314 3568 prior
1327 3495 1407 3572 pars
1421 3472 1590 3550 Historiae
1603 3476 1772 3558 Naturali

112 3587 277 3692 proprior
291 3587 355 3681 est,
371 3585 550 3703 posterior
568 3577 827 3679 Metaphysrcae.
878 3570 1023 3672 Physica
1035 3591 1155 3652 autem
1169 3577 1339 3686 torrereta
1355 3571 1607 3654 sandcinsubit
1623 3577 1770 3658 divisio·

113 3715 324 3792 nem‚quam
333 3688 491 3765 Historia
507 3683 708 3770 Naturalis,
733 3676 879 3758 utenim
888 3671 1046 3755 Historia
1056 3670 1233 3751 Naturalis
1247 3671 1380 3750 sisium
1388 3671 1503 3776 ipsum
1514 3677 1771 3784 perscrutatprs

113 3791 156 3870 ita
168 3789 308 3895 Physica
322 3806 492 3870 concreta
506 3785 624 3864 causas
639 3779 803 3882 inquirit,
811 3775 978 3878 adeoque
994 3780 1090 3852 circa
1104 3795 1233 3850 omnes
1247 3772 1321 3848 illas
1336 3799 1454 3851 rerum
1471 3775 1589 3854 classes
1605 3781 1777 3879 versatur,

114 3897 202 3972 circa
227 3917 318 3994 quas,
339 3889 465 3970 verl'arl
486 3885 681 3994 Historipni
705 3877 998 3972 Naturalemyam
1020 3894 1100 3953 tuin
1120 3873 1155 3952 su
1186 3899 1222 3950 ia
1238 3872 1403 3989 diximus.
1454 3878 1595 3980 Physica
1610 3909 1699 3963 vero
1727 3884 1776 3964 dc
1856 3925 1870 3972 z

113 3997 271 4086 Naturis,
289 3995 360 4072 five
378 3989 560 4086 abstrasia,
574 3993 615 4062 in
632 3984 721 4062 duas
737 3998 853 4084 patres
877 3977 1063 4069 dividitur,
1078 3977 1116 4052 in
1165 3973 1339 4052 oslnuani
1356 3974 1404 4052 de
1428 3977 1688 4064 Schematismis
1702 4012 1779 4068 ma·

114 4103 219 4190 teria,
235 4097 273 4173 ἃ
286 4100 325 4174 in
340 4085 596 4172 doclrlnamde
611 4083 779 4162 moribus.
828 4076 1072 4158 Schematisrni
1089 4075 1244 4154 materiae
1259 4077 1341 4154 sunt
1352 4075 1778 4190 densum‚raruin,grave,

116 4201 272 4280 tereste.
300 4201 470 4279 Moruum
495 4213 584 4268 vero
599 4209 730 4289 genera
744 4183 855 4260 multa
869 4180 969 4270 sunt,
987 4176 1082 4275 sunt
1101 4177 1198 4254 enini
1221 4179 1277 4292 uel
1293 4176 1477 4279 simplices,
1493 4182 1550 4259 vel
1564 4210 1650 4266 coin
1679 4189 1782 4281 oliti,

115 4305 308 4384 &ratione
321 4292 645 4378 scheriratismorum
660 4285 815 4364 materiae
829 4282 920 4359 varii.
975 4281 1033 4356 De
1048 4291 1205 4392 quorum
1226 4280 1413 4394 speciebus
1435 4279 1575 4384 singulis
1605 4216 1779 4370 nolumus

120 4427 303 4520 repetere,
314 4427 395 4503 que
409 4379 1369 4562 *³5⁰¹1²oe·Ve‘⁰¹³mii¹⁵,¹⁰{,⁰els{bet[,fffflupmsffissg
1384 4381 1433 4560 g}
1443 4409 1535 4562 igelto
1539 4389 1785 4570 purplpilpest,

123 4508 922 4698 ldreurlllal‘eldendtldlidilillllslvcellillpdndipbs
940 4535 978 4660 dl
994 4505 1652 4692 lundameiltls,dourmarciirlilslcsarl
1667 4519 1791 4674 indili-

1033 4681 1125 4782 (T)
1151 4703 1174 4760 Β
1629 4693 1793 4784 ficerunt.
