3972 5226
201 225 211 293 ²
227 287 304 377 aaa
550 289 555 300 ·
719 257 881 383 tonnus:
894 263 1080 380 suippe.
1094 275 1167 358 tu.
1181 273 1229 356 n.
1245 271 1344 357 rm.
1359 275 1391 355 t.
1425 273 1439 292 ⁴·
1654 320 1671 339 -

172 485 178 534 ;
227 459 590 556 fundamentumest,
604 459 708 564 quod
723 460 768 540 ab
783 461 896 541 aliena
910 487 1019 542 mnnu
1034 461 1217 542 habemus.
1264 453 1593 566 Qremadmodur'n
1601 463 1701 540 enim
1716 451 1896 538 inGtam·

229 563 369 644 roaticls
411 570 535 668 rorigo
550 563 716 666 quadum
729 565 796 652 est,
818 566 970 668 Regulas
984 565 1222 664 conficiendi,
1234 562 1330 666 &vin
1351 563 1557 664 Dialetiicis
1571 562 1821 642 distiniliones
1837 565 1897 636 ln·

231 675 369 746 venien
396 664 671 750 ietterminosr
694 664 743 744 ita
756 666 794 744 in
812 666 965 768 Physicis
979 667 1087 747 etiam
1102 667 1252 744 morbus
1271 665 1418 768 quidam
1440 665 1609 758 invaluit,
1631 686 1745 743 noves
1759 663 1902 776 semper

231 765 518 848 Observationes
532 766 703 852 cudendi,
720 793 802 870 quae
817 793 895 846 non
910 767 1192 873 raroprodeunt
1210 793 1257 845 ex
1276 767 1426 848 libidine
1447 765 1559 869 aliqua
1582 767 1897 870 paradoxolograe,

206 885 212 895 ·
231 869 271 948 dt
284 868 539 948 novaturiendl
553 867 677 948 studio
690 878 813 972 magis,
853 895 936 950 uam
952 872 1122 959 veritatis,
1135 871 1300 976 aquibus
1317 868 1380 948 nih
1394 887 1630 974 temperetur,
1655 865 1788 948 veteris
1796 885 1897 942 mor·

230 971 271 1050 bl
286 970 480 1050 recidivam
522 975 686 1061 atiemur,
701 994 743 1050 ut
757 997 827 1076 pro
881 974 998 1052 storiis
1014 972 1148 1052 fabulas
1163 972 1364 1052 habeamus.
1415 973 1551 1074 Neque
1559 969 1677 1049 dicam
1693 969 1743 1048 de
1758 963 1901 1070 Obser-

227 995 541 1176 vationibusiplis,
556 1097 636 1175 quae
649 1071 697 1150 fic
710 1071 848 1176 sparsim
865 1097 1083 1180 comparata
1096 1076 1186 1161 sunt,
1206 1073 1374 1176 equibus
1395 1072 1499 1152 nulla·
1512 1071 1698 1152 certitudo
1712 1068 1902 1149 Axioma-

227 1195 308 1257 rum
322 1175 469 1254 formeri
484 1175 607 1278 potest
671 1179 714 1254 ln
728 1176 922 1270 Gennanis
933 1201 1023 1255 vero
1037 1175 1200 1254 desidero
1226 1176 1424 1280 praeprimls
1447 1197 1523 1254 tem
1549 1174 1721 1254 erantiam
1741 1170 1901 1272 aliquant

228 1279 268 1356 in
279 1273 616 1358 Commentariis&
632 1282 672 1354 ln
687 1276 907 1379 opinionum
921 1279 1031 1357 Locis
1044 1277 1327 1370 Communlbus,
1347 1276 1484 1380 quibus
1499 1199 1548 1355 ilii
1567 1275 1726 1356 Annales
1742 1272 1824 1352 suos
1839 1269 1902 1387 in·

228 1377 380 1484 spissant,
396 1379 528 1482 quibus
542 1377 666 1482 potius
682 1375 810 1458 lumini
824 1377 994 1472 officitur,
1015 1403 1126 1482 quam
1138 1379 1201 1458 lux
1221 1378 1337 1480 aliqua
1360 1379 1580 1458 accenditur.
1658 1379 1701 1456 ld
1761 1375 1901 1453 oseno

228 1499 556 1588 optarem,.ut.uno
570 1477 668 1558 sensu
683 1479 806 1582 aliquo
820 1479 1043 1562 ducerentur
1057 1505 1187 1558 omnes
1201 1480 1240 1560 in
1256 1481 1590 1584 experimentorum
1606 1479 1708 1559 meth
1761 1501 1798 1556 o.
1826 1477 1903 1553 La·

227 1584 337 1666 ritant
350 1583 448 1660 enim
464 1588 618 1660 certeln
635 1581 829 1660 Germania
845 1583 941 1687 apud
957 1583 1157 1684 operarios
1176 1582 1398 1683 Chymicos,
1410 1582 1486 1686 *qui
1506 1607 1593 1660 vere
1615 1579 1696 1660 sunt
1722 1576 1901 1680 insigues,

230 1683 269 1764 dt
284 1683 559 1787 qulbussnniles
573 1691 613 1759 in
627 1683 847 1785 nulla'gente
867 1691 1119 1789 reperiuntur,²
1141 1689 1409 1787 experimenta,
1423 1709 1505 1788 que
1519 1683 1542 1761 sr
1558 1684 1596 1761 in
1618 1685 1737 1762 lucem
1780 1699 1903 1758 rotra-

228 1787 420 1880 herentur,
435 1783 559 1861 multis
573 1781 695 1862 modis
709 1785 872 1884 superare
893 1784 1037 1890 pollent
1055 1785 1197 1862 aliarum
1224 1783 1411 1864 Gentium
1427 1809 1590 1863 conatus.
1643 1783 1735 1862 Aes
1765 1793 1831 1860 ent
1844 1799 1904 1859 ta·

228 1885 283 1982 les
299 1886 466 1976 homines
482 1885 685 1963 solertiores
698 1883 778 1975 else,
796 1911 905 1987 quam
924 1889 989 1989 qui
1004 1885 1137 1964 scholas
1153 1885 1259 1964 nimis
1280 1883 1434 1988 sapiunt,
1455 1881 1902 1992 prejudiciisque'alibeti,

227 1987 444 2066 intentatam
460 1987 793 2090 experimentorum
809 1989 902 2067 viam
919 1989 1064 2066 habent.
1113 1988 1228 2091 Qod
1250 1985 1374 2090 liquis
1399 1986 1558 2089 sagacior
1572 1987 1812 2092 Philosophus
1828 2007 1904 2062 eo·

227 2113 311 2170 rum
325 2113 449 2167 arcana
465 2088 734 2192 perreptaverit,
748 2095 879 2190 mltum
895 2090 934 2184 in
947 2090 1101 2169 modum
1116 2087 1232 2192 poll'et
1246 2089 1464 2192 locupletare
1478 2089 1685 2167 doslrlnam
1700 2083 1901 2190 Physrcrun.

185 2225 188 2230 ·
227 2191 420 2272 Candidus
438 2189 519 2269 sane
532 2216 575 2269 eo
589 2213 691 2310 parte
710 2189 1033 2298 videturScriptor
1048 2195 1195 2288 Historia
1208 2195 1531 2294 heinatrsAnglicc
1559 2190 1723 2270 Thomas
1756 2196 1900 2293 ipram,

89 2297 95 2302 “
254 2293 291 2371 υἱ
305 2293 469 2372 indolem
485 2290 578 2400 illam
590 2292 831 2396 rnquifitivam
846 2295 1116 2373 Germanorum
1130 2313 1204 2398 pre
1217 2293 1347 2371 ceteris
1367 2291 1539 2394 gentibus
1555 2291 1692 2386 laudat,
1712 2313 1759 2371 ut
1772 2291 1900 2393 gloriae

225 2311 1545 2600 ihrirtlhlrrllirsrqrzlrrgeiih‘rrttrullrd
1554 2392 1902 2602 {stridis

229 2593 297 2674 bus
311 2593 382 2678 suls
396 2592 652 2675 anteferendus
668 2595 732 2678 est
1646 2609 1649 2617 ‘
1978 2589 1979 2593 ‘

163 2859 213 2940 17
236 2841 242 2848 '
329 2833 456 2948 lltque
469 2833 550 2914 hec
566 2831 740 2914 hasienus
754 2832 803 2914 de
819 2815 1053 2926 institutione
1068 2856 1253 2916 certorum
1275 2830 1541 2946 Collegiorupu
1556 2837 1601 2918 ad
1623 2832 1899 2946 Philosophiam

225 2935 553 3040 Experimentalem
570 2961 663 3042 prop
707 2937 849 3018 andam.
899 2936 1043 3040 Dequo
1057 2937 1209 3016 consilio
1224 2941 1301 3018 lero
1315 2964 1416 3026 nunc
1430 2941 1592 3035 demum,
1604 2941 1899 3046 antehosquin·

227 3035 350 3118 decim
365 3061 493 3132 annos,
507 3043 663 3139 (utinam
691 3040 813 3134 erlol)
827 3037 1025 3139 cogitatum
1043 3039 1105 3120 est
1149 3041 1378 3142 {Qranquam
1394 3066 1472 3120 non
1493 3041 1689 3134 defuerint,
1705 3043 1818 3122 etiam
1833 3045 1898 3126 sub
1976 3103 1977 3137 ,

226 3137 373 3220 initium
390 3141 495 3238 hujus
509 3141 639 3232 Seculi,
653 3139 717 3241 qui
732 3139 795 3216 ista
809 3135 951 3216 consilia
965 3143 1091 3216 animo
1104 3137 1283 3240 agitatior,
1300 3141 1362 3218 sed
1384 3163 1526 3239 tuneo,
1544 3165 1586 3224 ut
1607 3143 1688 3224 suut
1724 3141 1899 3228 homines

225 3240 295 3326 suae
309 3241 427 3320 salutis
442 3243 534 3344 saepe
547 3237 846 3343 negligentiffimi
859 3263 937 3318 non
951 3237 1065 3320 auditi
1088 3237 1250 3321 fuerunt.
1301 3251 1441 3344 Magnus
1461 3253 1620 3350 Pegel'us,
1644 3253 1804 3348 Proseffor
1829 3261 1896 3326 Ro·

121 3433 123 3443 !
216 3345 413 3441 stochienfis,
438 3349 554 3420 Anno
576 3351 683 3441 r604.
698 3339 859 3425 libellum
880 3347 922 3420 ln
942 3340 1061 3420 lucem
1088 3341 1220 3438 edidit,
1246 3344 1306 3425 cui
1328 3344 1499 3426 Titulurn
1532 3345 1639 3426 fecit:
1696 3350 1898 3448 Thcfizurum
1975 3353 1976 3404 ἓ

223 3444 548 3540 rerumsrlcsiarum,
571 3474 625 3518 ma
647 3473 781 3544 aarum,
809 3445 1000 3544 (legatarum,
1025 3448 1170 3535 utilium,
1186 3445 1358 3545 suavium,
1379 3473 1444 3550 pro
1463 3461 1593 3552 generis
1625 3449 1759 3526 huniam·
1779 3453 1898 3549 firlute

224 3545 371 3624 ollarum.
445 3546 536 3650 Qro
550 3549 590 3622 ln
607 3543 633 3640 li
657 3545 729 3624 ello
745 3547 865 3622 hutor
879 3543 940 3622 ille
954 3552 1067 3632 varia,
1092 3567 1165 3624 tam
1180 3545 1221 3644 in
1241 3547 1363 3629 studio
1378 3551 1545 3650 mnirari,
1560 3576 1670 3654 quam
1696 3550 1735 3641 in
1757 3535 1901 3634 ceteris
1974 3603 1975 3608 Ν

224 3639 474 3750 disciplinis&
494 3645 664 3726 omnibus
688 3641 823 3724 artibus
844 3645 1081 3740 mechanicis,
1106 3645 1257 3728 iuuenta
1276 3675 1345 3752 pro
1373 3655 1476 3744 ouh,
1500 3679 1518 3732 a
1542 3651 1578 3731 se
1598 3655 1820 3756 excogitata,
1852 3655 1897 3738 δι

81 3799 86 3810 ·
224 3770 312 3826 cum
324 3747 369 3824 iis
387 3745 701 3836 communicanda,
716 3753 781 3850 qul
796 3745 931 3838 sumtus
954 3746 1066 3828 inilia
1086 3750 1318 3850 impendere,
1332 3675 1371 3833 ἕ
1383 3751 1496 3832 labori
1517 3755 1582 3832 suo
1599 3757 1807 3836 mercedem
1822 3757 1898 3838 sta·

224 3865 347 3940 urere,
362 3873 441 3928 non
456 3849 746 3934 detrectaverint
797 3851 908 3928 Multa
923 3849 962 3928 in
979 3848 1032 3930 his
1055 3851 1220 3944 invenio,
1234 3853 1282 3930 de
1297 3853 1428 3962 quibus
1451 3862 1509 3934 vir
1527 3857 1585 3934 ille
1608 3863 1804 3959 cogitavit,
1819 3861 1898 3956 jam

224 3969 308 4029 tum
322 3949 386 4030 suo
401 3973 581 4054 tempore,
593 3951 644 4031 'de
660 3951 793 4054 quibus
808 3951 918 4028 hodie
934 3977 1034 4032 nunc
1046 3951 1274 4056 disquiritur,
1287 3980 1329 4032 ac
1343 3961 1495 4036 inventa
1516 3975 1652 4060 magno
1666 3961 1859 4066 triumpho
1877 3992 1900 4048 a

226 4051 414 4149 nonnullis
428 4051 626 4134 ducuntur.
678 4055 751 4131 llic
768 4053 864 4131 inter
877 4053 1192 4158 ceterapollicitus
1208 4055 1282 4141 est,
1305 4055 1449 4136 consilia
1469 4056 1504 4137 se
1528 4055 1899 4164 subministraturum,

226 4153 422 4255 quomodo
437 4179 454 4228 a
471 4155 687 4256 Magistrum,
704 4155 942 4258 Magnetibus,
950 4156 1295 4258 Communitatibus‚
1303 4159 1476 4258 Urbibus,
1490 4161 1737 4264 deputandi&
1750 4163 1899 4250 susten-

225 4254 327 4334 tandi
342 4256 521 4354 nonnulli,
537 4264 601 4358 qul
616 4253 807 4348 utilissimas
822 4279 880 4336 res
894 4259 1093 4347 inveniant,
1108 4257 1147 4336 ἃ
1171 4267 1323 4338 inventa
1342 4261 1512 4364 preclare
1532 4263 1682 4344 ulterius
1703 4273 1901 4372 experian-

65 4381 72 4390 ·
221 4375 304 4442 turs
325 4356 429 4460 quod
446 4357 491 4435 src
508 4357 587 4438 fieri
604 4356 719 4460 pellit,
734 4383 776 4438 ut
789 4363 897 4437 etiam
910 4360 1027 4440 homo
1040 4367 1146 4456 unus,
1165 4359 1203 4438 ἃ
1221 4360 1351 4440 diebus
1370 4365 1513 4466 paucis,
1536 4363 1690 4446 &domi
1716 4373 1899 4473 quidem,

224 4455 336 4562 longe
354 4459 499 4539 utiliora
510 4461 712 4563 experiatur
734 4459 773 4540 δι
788 4485 998 4564 exequatur,
1018 4487 1125 4566 quam
1145 4464 1348 4558 Alexander
1369 4471 1422 4552 Μ.
1444 4463 1533 4546 dum
1554 4471 1764 4552 animalibus
1782 4472 1900 4558 inda-

226 4559 354 4666 nudo
365 4585 436 4668 pro
449 4579 526 4648 erte
537 4561 751 4668 inpendisse
762 4565 930 4648 scribitur
941 4588 1106 4663 qooooo.
1130 4567 1426 4682 Coronatomm,
1447 4567 1486 4651 dt
1505 4569 1675 4673 ablegasse
1692 4597 1899 4682 perterra-

1221 4747 1225 4758 .
1806 4705 1899 4766 sslln
