3964 5218
210 415 215 418 -
350 306 436 410 Cap.
453 293 601 389 XXXI.
642 310 707 429 ¹De
719 307 921 413 lapidibus,
946 331 1127 413 eorumque
1144 279 1388 403 &notatione
1410 308 1482 389 &o
1670 265 1791 413 4071-

76 495 348 554 contentorum
362 499 566 580 corporum
581 479 729 574 materia
743 479 940 556 etiamnum
950 478 1060 565 fluida
1077 501 1163 581 erat,
1179 475 1346 582 adeoque
1360 479 1558 560 marcasrtas
1573 479 1737 584 primum

73 575 285 678 produiias
305 577 388 680 else>
401 577 488 653 inde
501 577 650 680 lapides,
669 578 803 678 quibus
825 579 1060 656 includuntur
1074 579 1278 680 marcasrtae,
1295 581 1442 660 tandem
1459 606 1568 660 venas
1583 581 1719 658 miner-
1845 584 1856 602 '

72 678 282 777 lium‚quae
293 678 453 780 lapidum
464 675 599 754 fissuras
614 679 767 780 replent.
815 679 941 755 Tertia
961 681 1037 780 ejus
1050 680 1259 782 propositio
1276 681 1357 758 haec
1371 679 1421 756 est
1427 708 1438 776 3
1463 679 1568 757 ficor
1598 704 1639 757 us
1655 679 1735 756 soli·
1872 679 1875 695 ⁴

72 776 174 854 dum
192 777 390 856 secundum
405 801 542 856 naturae
557 779 657 882 leges
674 777 899 880 produsium
916 778 978 881 est,
995 781 1143 856 efluido
1160 779 1460 885 produsiunrest.
1481 781 1557 858 Cre
1573 783 1620 856 cit
1633 777 1735 894 illud2
1841 833 1845 841 ,

70 875 170 954 dum
187 879 370 980 particulis
383 880 460 979 ‘ejus
473 903 584 956 novae
602 901 842 981 apponuntur
852 879 1053 980 particula,
1066 881 1111 957 ab
1129 904 1282 962 externo
1298 880 1415 958 fluido
1436 881 1590 961 secretu.
1639 875 1744 958 Fieri.

69 1001 202 1054 autem
217 977 487 1083 appositionem
500 977 605 1076 hanc,
621 979 682 1054 vel
695 1003 715 1054 a
729 975 846 1054 fluido
865 1001 1020 1062 externo
1038 979 1258 1082 immediate,
1266 984 1327 1078 ait,
1342 983 1401 1057 vel
1417 979 1600 1056 mediante
1618 977 1745 1066 fluido
1781 994 1783 1000 '
1864 1059 1869 1064 ,
1938 1013 1941 1025 ·
1970 967 1971 978 ¹

70 1080 241 1178 interno,
259 1105 335 1156 uno
355 1078 414 1155 vel
456 1077 607 1174 Iuribus,
622 1102 705 1176 quac
729 1081 852 1154 omnia
871 1077 1056 1182 eleganter
1068 1077 1234 1180 illustrat,
1267 1083 1547 1183 comparatione
1568 1079 1736 1180 corporis

70 1179 233 1256 humani
249 1203 334 1282 cunr
347 1103 540 1280 produsiis
560 1199 667 1254 tertae
688 1171 855 1256 instituta
905 1177 948 1253 ln
966 1177 1137 1258 omnibus
1156 1181 1279 1258 locum
1299 1180 1556 1283 produsiionis
1575 1197 1737 1256 accurate

73 1278 346 1458 inspiciendugn
360 1277 481 1380 docet,
496 1279 557 1357 le
577 1275 738 1382 corpora
752 1278 883 1378 vicina,
904 1301 988 1378 quae
1001 1277 1046 1356 ad
1062 1279 1284 1362 inclusorum
1305 1280 1578 1383 produsiorum
1601 1275 1736 1382 figuras

71 1403 295 1482 componen
320 1405 352 1456 a
1616 1438 1619 1447 .

177 1533 239 1614 De
255 1537 597 1642 nystalliprodusiiom
614 1541 726 1622 multa
742 1539 917 1630 subtiliter
935 1541 1102 1642 disquirit
1118 1538 1232 1616 Steno
1264 1561 1310 1614 an
1324 1540 1419 1618 inter
1434 1537 1591 1618 fluidum
1613 1536 1736 1644 &sirri-
1776 1554 1796 1626 3
1832 1629 1835 1639 Ι

28 1638 181 1737 ''dum3
209 1639 270 1714 vel
290 1641 386 1715 inter
408 1639 562 1718 fluldum
580 1641 618 1718 ἃ
640 1639 808 1742 solidum,
833 1668 880 1720 an
892 1666 985 1718 vero
1000 1645 1039 1716 in
1052 1640 1132 1742 ipso
1153 1598 1282 1739 fluide),
1313 1637 1550 1742 producatur.
1600 1640 1736 1716 Name
1773 1669 1777 1678 ·

71 1739 195 1816 fluido
212 1735 431 1854 prodttslam
445 1738 525 1840 effe,
537 1741 693 1818 dubium
706 1742 756 1818 illi
777 1742 916 1818 nullum
932 1739 995 1840 est,
1010 1740 1152 1844 frigore
1166 1761 1287 1816 tamen
1310 1737 1536 1842 concretam,
1559 1763 1628 1818 ate
1643 1740 1735 1816 cine·
1852 1767 1856 1780 ·

72 1841 191 1938 ribus,
210 1840 306 1944 ignis
326 1841 377 1938 vi,
392 1841 430 1916 in
452 1842 591 1920 vitrum
612 1839 771 1918 exustam
783 1865 904 1946 negat.
954 1842 1060 1918 Putat
1078 1844 1189 1938 enim,
1205 1841 1312 1916 etiam
1327 1839 1464 1938 absque
1484 1843 1581 1944 ignis
1596 1841 1735 1919 violen-

72 1943 118 2018 tia
135 1938 220 2015 fieri
237 1939 374 2022 vitrum
389 1937 502 2042 posse,
518 1944 626 2020 etiam
640 1941 979 2042 humanoartificio‚
996 1939 1114 2018 modo
1132 1937 1213 2038 quis
1226 1937 1383 2016 instituat
1395 1963 1594 2018 accuratam
1614 1939 1734 2040 analy-

72 2039 126 2116 lin
149 2038 333 2138 saxorum,
354 2041 391 2114 in
420 2066 583 2137 quorum
606 2041 817 2118 cavitatibus
839 2043 992 2143 optimae
1011 2038 1166 2141 crystalli
1192 2036 1406 2116 formantur.
1457 2037 1613 2116 Certum
1634 2041 1733 2115 enim

73 2139 143 2216 effe
189 2163 332 2238 utat,ut
350 2163 396 2214 ex
416 2140 531 2216 fluido
547 2144 738 2218 concrevit
760 2139 973 2242 Crystallus,
996 2140 1043 2217 stc
1062 2143 1100 2216 in
1116 2137 1272 2214 fluidum
1294 2139 1447 2216 eandem
1465 2139 1567 2242 posse
1587 2137 1732 2235 resolvi,
1825 2145 1827 2148 ’

70 2265 136 2317 mo
168 2266 193 2317 ο
235 2244 289 2316 uis
307 2265 438 2316 verum
452 2264 588 2328 natura:
604 2238 829 2328 menstruum
844 2243 976 2316 imitari
989 2243 1107 2332 norit3
1128 2235 1283 2313 fluidum
1295 2259 1429 2339 autem,
1444 2241 1483 2316 in
1497 2265 1575 2339 quo
1591 2237 1733 2415 crpstal·

70 2342 126 2420 lus
142 2267 282 2439 crescit,
297 2337 430 2418 eodem
450 2337 569 2418 modo
583 2340 617 2417 se
634 2338 771 2417 habere
786 2338 831 2416 ad
846 2337 1065 2441 crystallum,
1080 2337 1277 2438 quomodo
1292 2361 1387 2436 aqua
1403 2342 1610 2416 communis
1638 2365 1658 2415 e
1671 2339 1731 2415 ha·

70 2442 135 2520 bet
152 2440 205 2518 ad
214 2438 330 2516 salem.
379 2437 553 2540 Ejusdem
568 2439 752 2518 sententiar
770 2441 892 2542 plures
907 2439 965 2516 alii
983 2463 1133 2540 quoque
1147 2435 1236 2514 sunt.
1287 2438 1390 2514 Nam
1413 2437 1650 2517 Bernhardus
1670 2439 1732 2520 Pa·

70 2541 167 2644 liffy,
181 2541 321 2641 Gallus,
339 2539 436 2619 libro
455 2545 568 2644 patria
588 2542 712 2646 lingua
726 2539 862 2646 scripto
876 2543 915 2614 de
933 2562 1052 2618 natura
1058 2543 1212 2636 soritium,
1231 2539 1455 2624 merodiades.
1478 2543 1753 2646 exaquismeu
1817 2614 1819 2624 A
1943 2585 1950 2596 ·

71 2644 168 2742 talla,
192 2640 383 2744 &lapides
404 2642 560 2745 produci
576 2643 669 2718 vult:
696 2667 809 2744 ¹aquas
827 2663 948 2718 autern
967 2635 1054 2717 duas
1069 2637 1197 2738 statuit,
1216 2639 1363 2715 alteram
1378 2641 1618 2741 materialem,
1647 2642 1731 2719 alte·
1771 2694 1774 2702 ι

69 2769 151 2820 ram
175 2741 439 2845 congelantcm.
490 2742 673 2820 Henricus
697 2741 744 2819 de
758 2741 922 2840 Rochaz‚
937 2741 1125 2843 popularis
1140 2738 1228 2837 ejus,
1248 2736 1372 2836 quide
1388 2740 1521 2831 eodem
1538 2767 1577 2819 ar
1632 2745 1733 2818 men·

8 2903 9 2910 a
71 2867 112 2920 to
129 2845 240 2944 eriam
254 2840 372 2940 aliqua
382 2839 534 2944 scripsit,
549 2866 681 2942 aquam
694 2839 845 2941 quidem
858 2842 1039 2922 materiale
1053 2861 1177 2916 rerum
1194 2839 1417 2938 principium
1433 2839 1531 2939 facit,
1544 2839 1579 2916 se
1623 2840 1731 2917 salem

72 2945 120 3019 illi
135 2942 320 3046 adjungit,
339 2942 561 3046 principium
579 2939 805 3019 consolidans
820 2963 989 3044 corpora
1041 2939 1209 3014 Thomas
1223 2935 1401 3114 Schirlegg
1415 2940 1453 3013 in
1464 2941 1635 3042 peculiari
1650 2938 1730 3012 libro
1796 2965 1802 2975 ·

73 3045 108 3116 dc
124 3044 223 3142 caufis
235 3043 381 3146 lapidum,
404 3067 470 3121 eos
497 3044 589 3120 oriri
602 3063 706 3146 putat
720 3065 766 3121 ex
785 3066 876 3141 aqua
891 3041 929 3120 dr
942 3039 1137 3121 staminibus
1156 3035 1247 3140 suis,
1272 3061 1349 3138 quo
1393 3059 1490 3117 certe
1510 3035 1560 3114 cst
1580 3037 1732 3118 nihildi·

73 3167 167 3251 cere.¹
217 3141 319 3220 Nam
333 3135 391 3222 illa
406 3141 539 3260 semina
552 3167 622 3223 nos
644 3140 905 3245 quaerebamus.
950 3187 970 3202 -

57 3285 61 3292 ’
162 3295 218 3376 Ut
230 3287 445 3374 sententiam
459 3317 579 3372 meam
592 3295 763 3397 aperiam,
789 3312 856 3370 nec
870 3292 1026 3395 lapidea,
1058 3317 1127 3372 nec
1150 3293 1309 3396 metalla,
1335 3290 1448 3376 esola
1464 3319 1557 3400 aqua
1573 3293 1729 3402 simplici
1767 3323 1795 3403 4

72 3391 174 3496 polle
189 3390 347 3508 produci
360 3393 484 3474 credo.
533 3395 693 3493 Metalla,
709 3395 792 3497 quia
806 3416 965 3508 corpora
979 3393 1098 3472 habeo
1123 3390 1321 3472 secundum
1338 3393 1458 3497 mista,
1507 3423 1563 3476 uae
1580 3397 1727 3475 decom·

101 3491 188 3570 osrta
202 3491 260 3570 alu
274 3515 419 3592 vocant,
441 3494 658 3599 inpartibus
676 3493 746 3571 suis
761 3489 1209 3598 constituentibus‚primo
1225 3492 1355 3593 mistis,
1377 3424 1578 3600 agnosiunt
1598 3496 1727 3576 fortas·
1784 3517 1789 3528 “

72 3519 116 3670 iis
144 3595 326 3693 liquorem
344 3595 468 3694 ptimo
497 3595 634 3692 enium,
657 3593 717 3670 sed
734 3593 849 3694 quiin
872 3591 947 3696 ipsa
961 3591 1123 3695 specifica
1138 3595 1369 3672 metallorum
1382 3591 1627 3698 productione
1645 3623 1739 3676 non*

73 3692 232 3796 apparet.
294 3691 457 3800 Qoda
506 3694 754 3795 crystallorum
770 3715 816 3768 ex
834 3715 926 3792 aqua
939 3693 1254 3772 concretionems
1274 3695 1386 3796 estat,
1411 3697 1581 3776 nondum
1598 3701 1646 3776 ita
1668 3699 1725 3776 illa

76 3793 243 3896 expedita
258 3790 320 3892 est,
334 3816 375 3870 ut
387 3793 536 3896 putabat
555 3795 762 3904 ¹stemnius,
779 3817 859 3869 non
878 3817 989 3895 pauca
1004 3797 1102 3870 enim
1122 3721 1311 3898 supersint
1330 3794 1447 3872 dubia.
1498 3797 1577 3900 Ipsa
1597 3819 1724 3877 earum

73 3893 126 3969 fra
157 3895 243 3971 'itas
268 3891 429 3994 testatur,
447 3896 567 3972 minus
579 3891 694 3970 inesse
721 3897 763 3972 iis
772 3893 956 3992 humoris,
975 3917 1084 3992 quarn
1099 3893 1183 3997 ipfis
1197 3897 1359 3976 metallis.
1389 3895 1643 3996 ''Bemhardus
1661 3898 1725 3978 Pa·

73 3993 93 4066 1·
128 4017 232 4095 yper
246 4017 376 4108 aquam
396 4018 468 4070 con
497 3996 651 4072 clamem
670 3995 760 4070 nihil
775 3992 884 4092 aliud,
901 4017 1011 4109 quarn
1026 3993 1132 4070 salem
1148 3996 1341 4100 intelligit,
1369 4018 1411 4072 ur
1429 3999 1585 4100 explicat
1606 3999 1726 4077 Sorel·

73 4093 140 4190 lus,
165 4115 223 4170 aut
237 4093 391 4191 aliquam
408 4018 634 4172 inhiantiam
659 4091 875 4196 lapidificaru
896 4091 934 4169 dt
958 4091 1226 4195 incrustantem‚
1240 4121 1324 4206 quae
1347 4095 1392 4171 ab
1413 4121 1517 4198 aquae
1534 4121 1661 4176 natura
1675 4099 1728 4177 di·

75 4191 174 4307 versa
189 4191 250 4294 est,
263 4214 305 4270 ut
320 4194 378 4270 vel
400 4193 485 4270 inde
500 4215 636 4296 pateat,
661 4221 699 4270 cr
728 4189 867 4269 stallum
887 4215 964 4270 non
986 4192 1054 4270 else
1076 4219 1212 4299 corpus
1233 4199 1443 4300 ὁμοιομερές,
1478 4195 1536 4274 seu
1555 4197 1726 4276 similium
1861 4283 1865 4292 ,

75 4315 239 4468 italiis?
286 4293 499 4410 Peirescius,
517 4293 602 4470 ῑεὲὶε
617 4219 848 4468 Gardenaolju
862 4301 926 4391 ejus
937 4301 1015 4468 oiri}
1028 4293 1171 4468 epilam
1199 4293 1277 4411 saris
1290 4301 1544 4478 cdommurpipm
1562 4298 1727 4424 lapidum
1803 4311 1809 4325 '

75 4417 773 4616 transilii-llllsaisierit
791 4416 1251 4592 slmleidmrtll
1273 4409 1724 4600 ltaiffffllllsslfffflar

1621 4617 1725 4702 natuf
1749 4605 1754 4614 '
