3964 5218
185 251 302 347 .„,
449 247 452 252 -
547 215 550 233 ·
651 240 1028 356 ministrarunt.
1052 245 1133 330 ru.
1152 185 1410 352 raanan·
1445 197 1464 348 's
1525 303 1530 312 ,
1608 267 1614 278 ¹

150 445 197 502 10
306 397 436 494 &aad
449 439 470 495 a
485 405 573 496 nive
586 417 624 496 in
641 443 686 498 eo
701 415 843 520 differt,
868 419 971 522 quod
992 403 1154 523 primum
1163 419 1323 520 quidem
1344 418 1383 496 in
1402 416 1549 522 guttula*
1567 415 1862 512 insensibilsconss

192 518 198 548 ¹
238 512 370 618 eletur,
394 545 577 596 novarum
594 520 726 598 deinde
740 523 898 636 partium
913 519 1109 618 accellione
1125 519 1265 598 crescat.
1308 519 1479 603 Primum
1501 520 1598 596 enim
1618 519 1763 598 subtiles
1784 524 1864 625 glo·

107 630 119 644 ·
208 537 284 690 dull
302 621 484 718 concreti,
508 617 656 722 quando
677 615 876 721 decidunt,
893 647 939 700 ex
957 623 1132 722 humore,
1164 624 1222 697 cui
1245 623 1284 699 in
1298 617 1463 697 descensu
1479 643 1696 720 occurrunt,
1721 616 1864 724 semper
1955 649 1956 702 l

189 739 348 800 ,novam
368 719 604 800 accessionem
623 720 793 819 habe’n‘t,
816 723 854 799 dt
877 719 974 822 quasi
990 724 1098 800 novis
1121 719 1338 821 quibusdam
1352 721 1490 814 ‚tunicis
1506 717 1729 820 induuntur,
1763 723 1865 826 utin

208 811 674 899 candelarumformationc
692 819 773 895 sieri
789 823 896 922 solet,
922 848 1005 920 quae
1023 824 1176 924 repetita
1190 818 1423 897 immersione
1437 841 1576 896 novam
1589 818 1733 926 semper
1754 819 1867 898 crassi·
1955 847 1956 866 ¹

209 918 299 992 tiem
314 920 516 1020 acquirunt.
591 921 721 1024 Vulgo
737 913 852 1000 solent
875 921 1012 998 infimae
1031 926 1127 1000 aeris¹
1142 923 1288 1025 regioni
1310 924 1586 1024 generationem
1603 921 1796 1025 grandinis
1808 921 1867 998 ad·
1955 929 1956 1020 ᾗ

210 1013 391 1120 scribere,
416 1044 463 1096 ex
485 1043 531 1099 eo
552 1043 791 1125 argumento,
823 1025 998 1123 qnoniam
1021 1025 1058 1098 in
1079 1019 1250 1099 alriffimis
1272 1019 1460 1100 montibus
1482 1019 1585 1117 nives
1601 1021 1754 1120 quidem
1768 1024 1870 1099 inve·
1955 1043 1956 1068 ¹

210 1115 375 1219 niantur,
404 1129 594 1219 uunquam
608 1146 701 1198 vero
744 1123 879 1225 tando,
903 1121 1174 1224 quodquidam
1192 1121 1238 1198 ali
1265 1145 1309 1196 ua
1324 1120 1615 1218 rationeverum
1635 1119 1697 1198 est.
1766 1121 1868 1198 Nam

211 1215 420 1320 quanquam
440 1219 585 1325 grando
607 1223 685 1300 nivi
702 1143 746 1300 ad
764 1227 869 1302 initio
887 1248 964 1300 non
978 1222 1194 1310 sumultum
1207 1219 1258 1296 dil
1272 1221 1393 1318 smilis,
1424 1221 1462 1304 in
1476 1219 1643 1300 descensu
1657 1246 1704 1298 ex
1717 1223 1868 1300 occursu

208 1323 463 1420 particularum
483 1321 717 1399 humidarum
735 1329 773 1403 in
797 1322 1009 1428 sphaericam
1034 1324 1131 1404 illam
1217 1335 1313 1400 'tam
1332 1325 1595 1410 convertitur,¹
1615 1348 1698 1423 quae
1724 1321 1868 1426 semper

143 1504 148 1514 .
185 1451 187 1456 ·
211 1420 386 1521 increscit,
399 1443 525 1524 ‘prout
542 1445 650 1501 terrae
669 1427 826 1503 vicinior
845 1424 904 1502 est.
960 1423 1061 1504 Hinc
1075 1427 1115 1500 in
1129 1421 1163 1499 d'
1195 1419 1339 1500 eslione
1386 1421 1546 1500 randinis
1566 1429 1681 1510 varias
1703 1426 1869 1502 invenire

212 1519 295 1598 licet
311 1521 499 1620 crustulas,
517 1523 554 1602 dt
570 1522 666 1624 quast
688 1528 824 1606 tunicas
841 1527 1031 1630 glaciales,
1056 1547 1123 1626 per
1143 1522 1332 1600 intervalla
1345 1445 1422 1598 *sibi
1444 1521 1715 1624 circumpositas

1819 1550 1869 1600 arr

211 1621 344 1720 modo,
359 1619 409 1698 ‘u't
427 1625 464 1700 in
477 1621 633 1722 candelis
648 1621 838 1704 abscedere
854 1623 970 1706 solent
983 1628 1112 1706 tunica
1126 1623 1196 1703 illae
1209 1621 1374 1798 sebaceap,
1400 1643 1420 1696 e
1438 1623 1561 1700 multis
1575 1551 1868 1703 immersondns

212 1745 496 1824 coagmentatae,
511 1725 562 1800 in
580 1739 708 1802 'centro
728 1750 849 1804 autem
896 1725 1055 1802 randinis
1067 1726 1234 1800 invenire
1247 1721 1330 1798 licet
1365 1719 1576 1800 obstantiam
1593 1725 1806 1802 molliorem
1818 1727 1867 1802 ni-

208 1821 249 1896 vi
268 1822 547 1924 propemodum
563 1821 728 1927 fimilem,
749 1752 1029 1926 quasdastantia
1040 1827 1203 1930 primum
1219 1823 1442 1924 principium
1452 1821 1627 1996 grandini
1641 1821 1752 1912 dedit.
1804 1827 1867 1909 So,-

212 1924 263 1998 let
279 1921 463 2000 interdum
486 1923 717 2028 portentosae
732 1925 997 2045 magnitudinis
1011 1923 1158 2030 grando
1175 1921 1356 2026 decidere,
1372 1945 1450 2021 quo
1497 1923 1558 2000 vel
1572 1928 1621 2002 ita
1635 1919 1696 2027 fit,
1725 1947 1770 2004 ut
1782 1951 1869 2004 ven·

214 2045 293 2122 tur,
323 2015 408 2100 cuin
436 2027 561 2118 nivem
588 2051 609 2101 e
629 2023 771 2108 sublimi
793 2055 835 2126 ur⁴
855 2023 1027 2104 inferiora
1048 2025 1269 2129 precipitat,
1296 2023 1477 2124 plurimos
1502 2019 1578 2124 ejus
1601 2023 1752 2132 floccos,
1766 2025 1896 2105 simul.
1956 2103 1957 2124 ,

213 2125 422 2226 compellat,
448 2125 486 2202 dc
499 2125 585 2230 gelu
599 2129 637 2202 in
652 2153 764 2208 unam
782 2125 926 2212 massam
940 2125 1176 2231 constringat,
1204 2124 1389 2201 ueletiam
1402 2114 1538 2225 inipsrs
1557 2125 1715 2206 nubibus
1728 2129 1868 2230 portio·
1956 2137 1957 2180 l

212 2247 278 2302 nes
294 2225 463 2322 quaedam
482 2232 932 2336 aquarumfongelentut,
950 2248 1059 2327 atque
1079 2229 1128 2304 ita
1141 2221 1329 2320 decidant,
1359 2219 1425 2300 nisi
1441 2224 1595 2309 velimus
1611 2223 1763 2306 statuere
1783 2233 1869 2305 inte·

212 2349 297 2428 gras
323 2325 437 2406 nubes
461 2325 563 2428 posse
592 2323 660 2404 esse
692 2329 916 2428 conoelatm,
965 2329 1004 2406 dt
1034 2333 1071 2405 in
1094 2353 1205 2404 unam
1234 2322 1382 2404 massam
1411 2347 1480 2428 per
1505 2325 1551 2406 fri
1605 2327 1867 2428 scoosttisim,

193 2449 368 2522 'quarum
387 2427 572 2506 interdum
588 2451 741 2530 ruptura
764 2397 803 2507 dt
822 2427 918 2508 casus
935 2427 1013 2524 siat3
1046 2427 1108 2526 ¹sed
1122 2430 1238 2518 rarior
1261 2421 1312 2500 est
1340 2426 1465 2528 talium
1488 2425 1546 2508 fru
1577 2453 1687 2506 orum
1708 2429 1756 2507 de
1777 2431 1868 2506 coelo

216 2523 343 2626 lapsus.
395 2526 575 2624 Alioquin
591 2531 712 2610 omnis
725 2527 868 2634 grando
878 2567 900 2629 ,a
915 2523 1307 2628 etiammolismajotis
1316 2583 1329 2624 ,
1339 2521 1525 2630 sphaericae
1544 2525 1673 2630 figura
1689 2528 1757 2606 esse
1771 2527 1867 2630 solet,

215 2625 276 2704 vel
298 2625 423 2722 ovalis,
455 2625 559 2726 quod
582 2620 1076 2732 argumento.,esl,'nonalio
1093 2621 1234 2726 modo,
1289 2649 1373 2728 uam
1388 2647 1626 2714 communem
1636 2629 1867 2735 grandinem,

155 2727 160 2732 ’
216 2723 380 2822 formari,
395 2725 454 2802 sed
476 2727 535 2806 vel
554 2727 662 2808 altius‘
683 2721 855 2830 cecidisse,
879 2729 940 2808 vel
962 2731 1045 2832 plus
1065 2715 1237 2805 humoris
1257 2650 1413 2814 devium
1435 2721 1611 2832 habuisse,
1642 2729 1741 2808 uncle
1761 2729 1868 2806 crassi·

215 2827 304 2902 tiem
320 2822 419 2902 islam
434 2825 644 2927 acquisierit.
708 2829 814 2908 Nam
834 2834 952 2908 ventis
965 2827 1054 2907 illud
1069 2823 1365 2925 adscribendum,
1384 2827 1488 2928 quod
1508 2831 1696 2908 Antonius
1712 2831 1870 2916 Grandis

218 2925 313 3027 facit,
337 2927 402 3002 vix
418 2927 566 3012 videtur
580 2930 803 3022 verosimile,
832 2954 913 3009 tum
937 2934 1036 3008 enim
1057 2929 1195 3031 hyeme
1218 2923 1753 3036 frequentioreaspeslaremus
1767 2957 1869 3038 gran·

217 3025 321 3105 dines
337 3027 377 3126 dt
390 3029 564 3124 maiorem
598 3027 683 3134 epm
698 3027 816 3133 astate
837 3033 953 3148 magis
967 3027 1182 3132 speslemus.
1216 3088 1220 3100 .
1251 3010 1352 3102 Solet
1373 3024 1474 3128 facile
1501 3029 1696 3130 liquescere
1710 3029 1868 3138 grando,
1957 3059 1958 3064 ‘

218 3129 392 3226 quoniam
408 3128 659 3232 humidiorem
678 3143 798 3208 aerem
811 3127 1025 3228 infertorem
1038 3125 1205 3230 offendit,
1230 3124 1269 3204 dt
1284 3147 1431 3231 certum¹
1445 3125 1513 3208 esse
1533 3137 1794 3236 argumentum
1814 3129 1869 3238 sri-

215 3231 319 3330 gotis
336 3225 513 3329 cessaturi,
531 3225 557 3304 fi
571 3231 708 3331 hyeme
753 3227 868 3308 raudo
884 3229 986 3306 cadat
998 3227 1082 3332 post
1098 3226 1277 3309 intensum
1293 3225 1428 3332 frigus..
1452 3227 1612 3334 ,Iudicat
1624 3234 1736 3336 enim,
1752 3245 1868 3314 aerem

111 3322 113 3339 '
215 3329 560 3406 circumtermneum
574 3323 690 3436 magii
705 3255 773 3408 esse
789 3329 1002 3430 humidum,
1030 3353 1142 3430 quam
1157 3327 1344 3432 frigidum.
1453 3335 1454 3338 ‘

60 3515 65 3533 .
159 3523 199 3578 Π
274 3475 435 3562 ¹l'ruim
450 3471 541 3546 nihil
555 3472 652 3550 aliud
667 3471 729 3576 est,
766 3471 953 3573 quam-ros
968 3493 1182 3572 concretus,
1222 3493 1263 3548 ur
1282 3474 1382 3550 enim
1406 3470 1568 3574 epluvia
1589 3476 1755 3579 grando,
1782 3503 1869 3557 eva·

217 3593 313 3676 pore
328 3574 404 3670 nix,
427 3575 476 3647 ita
490 3595 517 3646 ,ε
537 3597 623 3651 rore
636 3577 766 3678 pruina
780 3573 830 3654 fit.
891 3571 974 3648 Nisi
994 3575 1093 3650 enim
1117 3597 1163 3649 ex
1181 3595 1267 3650 rore
1282 3569 1405 3669 fieret,
1433 3593 1485 3647 cx
1508 3585 1590 3650 aere
1609 3579 1801 3656 cadentem
1822 3583 1871 3658 vi·

218 3673 405 3770 aleremur,
430 3671 533 3769 quod
552 3699 739 3773 nunquam
754 3671 797 3751 fit
808 3733 819 3776 ,
844 3673 905 3750 sed
925 3671 1074 3773 quando
1094 3699 1139 3749 va
1169 3697 1212 3754 or
1229 3671 1498 3776 eterrasurglr,
1527 3695 1734 3777 corporum
1755 3679 1870 3784 super·

219 3770 369 3847 siciebus
388 3771 567 3874 adhaeret,
593 3775 630 3852 ὅ(
653 3775 804 3853 occursu
826 3779 916 3854 aeris
936 3774 1062 3879 frigidi
1087 3776 1125 3848 in
1140 3697 1277 3850 driolas
1298 3773 1444 3874 aliquae,
1474 3776 1535 3850 vel
1552 3774 1684 3877 spicula
1704 3780 1870 3886 glacialia,

220 3872 306 3971 alit,
328 3895 496 3970 ‘quorum
516 3873 612 3953 bases
627 3874 696 3958 lint
714 3877 861 3956 latiores
876 3875 931 3956 ob
954 3875 1191 3974 liquationem
1212 3875 1378 3948 humoris
1394 3873 1653 3954 descendentis.
1709 3879 1869 3984 Quando

220 3974 318 4048 enim
330 3969 475 4074 assurgit
491 3997 619 4078 vapor,
645 4001 728 4053 cum
743 3975 905 4080 partibus
920 3973 1168 4078 superioribus
1180 3973 1349 4074 allinitur,
1361 3974 1466 4073 quod
1481 3973 1587 4054 restat
1600 3979 1769 4060 humoris
1783 4007 1869 4062 non·

220 4070 311 4160 dum
326 4073 513 4184 concreti,
531 4077 659 4158 defluit
680 4081 717 4153 in
735 4075 842 4156 basin.
918 4120 957 4180 g
1605 4079 1606 4086 '
1685 4095 1688 4098 ’

96 4221 107 4238 “
163 4272 207 4332 12
318 4215 445 4316 Atque
460 4215 540 4294 haec
554 4219 600 4296 de
619 4219 800 4298 Mereoris
817 4221 855 4296 in
869 4213 1080 4296 universum
1105 4215 1229 4304 dixisse
1251 4215 1418 4321 sufficiat,
1444 4244 1606 4322 quorum
1625 4245 1793 4302 naturam
1807 4253 1868 4331 pu·

224 4318 377 4394 taverim
390 4315 470 4394 sitis
485 4315 553 4398 elle
570 4320 795 4416 declaratam,
815 4343 857 4396 ut
871 4331 947 4396 non·
963 4343 1059 4420 opus
1072 4316 1116 4394 srt
1132 4317 1267 4394 diutius
1282 4319 1339 4395 his
1353 4321 1543 4400 inhaerere.
1591 4321 1614 4397 S
1642 4328 1760 4428 ecialia
1775 4331 1868 4404 enim

219 4418 343 4493 omnia
360 4440 509 4520 tangere
522 4419 636 4496 nostn'
647 4445 725 4496 non
743 4417 794 4495 est
812 4418 980 4519 instituti,
1000 4419 1038 4495 dt
1051 4417 1130 4498 satis
1143 4417 1199 4494 illa
1213 4415 1324 4520 perse
1335 4421 1598 4525 intelliguntur,
1611 4349 1875 4532 denecognitis'

97 4565 101 4574 ·
222 4517 464 4618 generalibus.
513 4520 654 4634 integri
668 4517 819 4624 quidem
831 4519 916 4598 libri
929 4517 1058 4600 dehoc
1068 4540 1289 4624 argumento
1305 4521 1512 4626 conscripti,
1526 4521 1867 4704 sadpltusemperssijn

468 4654 470 4663 ¹
961 4657 969 4670 ·
1425 4681 1430 4690 ·
1553 4649 1558 4654 ”
1804 4654 1815 4702 l
1850 4649 1864 4708 S

574 4803 582 4864 l
