3964 5218
214 379 218 388 ⁸
283 203 312 320 θ’
430 289 516 404 cap,
545 259 666 370 XLV.
707 287 768 370 De
786 287 1022 370 Generr'rt'one
1039 271 1371 384 Annaliumbc.
1455 371 1456 376 t
1568 287 1571 294 ‚
1655 321 1738 405 437:
1816 251 1825 260 ‘

63 457 382 572 Kerckringiu'm,
395 467 458 545 isin
473 486 548 544 ova
561 461 759 562 observata,
778 459 838 540 sed
854 466 1039 540 nettdnetn
1053 461 1207 565 suspicio
1222 487 1267 538 eo
1280 453 1444 566 dediurit,
1468 485 1517 546 ut.
1528 477 1575 546 ex
1592 468 1636 546 iis
1652 467 1745 547 so't·¹

62 566 152 639 mari
167 563 494 652 stemmcrederet.
544 563 642 640 Istud
658 587 788 662 ovum,
806 563 927 640 odore
938 562 1081 642 faminis
1094 563 1506 665 musculisoecundatum,
1516 567 1563 644 ed
1579 589 1726 650 uterum
1845 645 1858 678 ,

65 661 201 763 transit,
219 665 269 765 dt,
290 671 381 747 intra
395 669 548 773 spat-ium
559 663 727 742 duorum
739 665 802 744 sel
820 663 932 766 trium
943 661 1103 764 tsterum,
1126 665 1171 740 ad
1188 665 1477 768 magnitudinem
1492 667 1599 746 cerusa
1613 671 1743 769 mnjo.

63 766 110 840 tis
125 768 228 872 nigri
244 769 423 869 exctescit.
474 765 592 874 Qtod
607 764 744 842 diresie
758 768 952 870 impugnat
970 765 1109 864 Harvei
1126 764 1519 866 observationem=,·qni
1534 767 1724 871 existimat,
1754 838 1758 843 ,

63 865 99 940 in
115 867 274 957 cavitate
288 873 402 970 uteri,
429 893 497 972 per
509 871 648 966 aliquot
664 859 760 966 dies,
782 863 866 968 post
880 868 1039 962 coitum,
1065 865 1158 943 nibil
1171 865 1409 967 deprehendi
1467 867 1723 970 ,Ethaecova
1825 907 1828 913 ·

65 989 140 1040 non
161 971 586 1074 aconjugatistantum,
611 965 671 1043 sed
688 964 759 1044 &a
777 965 1000 1069 virginibus,
1024 964 1210 1066 stepisiime
1231 959 1396 1065 excerni,
1418 966 1618 1069 prtesettim
1639 995 1725 1054 cum

65 1063 250 1179 sanguinis
264 1067 437 1148 menstrui
449 1069 570 1166 fluxu,
595 1090 656 1145 aut
672 1065 874 1142 stimulante
888 1064 1056 1165 libidine,
1080 1090 1128 1142 ex
1142 1066 1374 1144 relationibus
1389 1067 1645 1151 nonnullarum
1657 1088 1726 1146 no·
1768 1112 1798 1147 11

19 1173 20 1176 ‘
66 1185 153 1240 tamt
167 1166 446 1273 Ketaktingius.
517 1169 681 1244 Multum
697 1187 938 1244 exermernnt
953 1163 1252 1342 Ketcktinffiianae
1274 1163 1349 1242 istae
1371 1165 1644 1248 observationes
1661 1171 1724 1252 Vi·

67 1288 127 1341 ros
146 1263 304 1368 doctos,
330 1271 368 1346 dt
390 1269 506 1347 sittim
524 1267 605 1344 sunt
626 1268 905 1344 tnnsuraeinli
961 1291 1044 1344 unm
1068 1265 1139 1342 Gai
1153 1270 1246 1342 v'cnm
1268 1266 1385 1363 aJoh.
1406 1267 1510 1370 Bapt.
1524 1265 1628 1349 Dion
1657 1268 1728 1368 sto,

66 1364 218 1442 Medico
234 1369 377 1474 Regio,
401 1381 433 1443 in
448 1363 896 1472 nnmoriitfuisspcsiantibur
969 1364 1113 1442 mes&
1122 1365 1279 1468 sonneiis.
1338 1367 1455 1467 Cujus
1478 1383 1603 1470 extant
1655 1395 1724 1472 pet

68 1463 138 1542 hoc
152 1467 415 1572 argumentum
433 1468 625 1570 quaedam,
648 1489 699 1571 ut.
711 1490 837 1566 vocat,
866 1467 1073 1566 Rpscxinnes,
1111 1465 1245 1566 quibus
1260 1469 1379 1568 aliqua
1398 1465 1507 1546 dubia
1529 1475 1741 1572 proponit,
1774 1565 1777 1576 ⁴
1905 1551 1908 1562 ,

67 1565 112 1640 ita
137 1587 284 1669 tamen,
320 1591 360 1648 ut
379 1568 615 1674 propendere
636 1569 753 1676 magis
772 1571 811 1644 in
832 1567 927 1644 illam
946 1567 1158 1662 sententiam
1180 1566 1357 1649 videatur.
1418 1569 1533 1646 Nunc
1553 1589 1645 1646 vero
1668 1573 1725 1650 ilia
1757 1651 1763 1667 ,

70 1668 197 1766 opinio
215 1671 267 1746 ita
283 1669 528 1764 obtinuimur
542 1693 638 1772 pene
679 1692 724 1745 ro
737 1665 1399 1773 demonsimtainbenturaplurimis,
1423 1691 1631 1770 quanquam
1647 1695 1737 1752 non.
1799 1693 1809 1704 '

68 1763 189 1870 desint,
216 1771 417 1872 quiaiiqun
432 1765 620 1874 superbae
689 1767 804 1848 sinna
817 1766 1103 1849 dubiabnbeunt.
1130 1795 1137 1812 ·
1208 1829 1211 1840 .

160 1967 239 2044 Ani
247 1973 428 2050 mantibus
446 1948 651 2051 sensitivam
667 1973 826 2050 animam
846 1969 1011 2050 tribuunt
1029 1972 1148 2074 vulgo
1164 1972 1417 2075 Peripatetici,
1440 1971 1488 2050 de
1507 1997 1599 2072 qun,
1624 1973 1725 2070 cujus
1761 1999 1788 2073 4

71 2087 198 2145 uumrae
213 2067 282 2170 stt,
307 2073 459 2150 obscure
473 2071 734 2171 determinant,
758 2074 797 2148 in
811 2096 857 2148 eo
874 2094 995 2148 tomen
1008 2073 1254 2170 conveniunt,
1279 2093 1421 2152 naturae
1439 2071 1506 2150 esse
1519 2093 1726 2173 corpote,

74 2189 277 2268 quanquam
296 2173 379 2267 Joh.
400 2177 547 2250 Marcus
567 2171 704 2271 Marci,
729 2175 767 2248 in
791 2169 1009 2270 quibusdam
1029 2196 1050 2247 n
1073 2172 1398 2272 Peripateticorum
1417 2171 1598 2249 sententiis
1619 2171 1736 2248 disce·-

76 2263 158 2343 dens
170 2328 181 2368 ,
204 2295 286 2349 earn
307 2272 532 2376 superstitem
552 2273 818 2374 velitcorpoti.
869 2270 1071 2370 Cattesrus,
1090 2271 1477 2376 diiquerecentiores,
1507 2274 1572 2368 qui
1589 2271 1739 2348 forma-1
1831 2321 1833 2329 ·

75 2365 141 2440 lem
154 2371 337 2450 rationem
353 2377 483 2450 animae
503 2373 685 2449 humanae·
697 2369 921 2448 constituunt
939 2373 979 2448 in
998 2395 1043 2448 co
1073 2373 1243 2471 tadone,
1257 2372 1422 2448 *animem
1436 2371 1639 2450 sensitivam
1658 2397 1738 2474 pst-2
1806 2413 1810 2424 ,

19 2559 21 2562 Ι
77 2489 151 2542 tum
194 2493 302 2549 ntum
317 2473 538 2580 figmentum
554 2472 709 2573 babent,
724 2497 772 2548 *ee
842 2496 887 2548 ue
903 2396 1085 2550 sentiendi
1095 2470 1452 2550 facultateminsoio
1471 2495 1576 2549 motu
1594 2493 1724 2576 putant

76 2495 270 2672 massine,
288 2574 326 2650 dt
337 2599 360 2650 a
373 2573 581 2652 mechanica
598 2497 1020 2676 corports'iipnfinone
1040 2571 1274 2674 dependere,
1299 2597 1383 2670 quae
1403 2597 1524 2652 tamen
1539 2572 1723 2672 sententia,

76 2689 115 2741 an
128 2672 278 2750 vero'sit
291 2673 552 2773 consentanea,-
568 2699 646 2750 non
661 2672 774 2750 attsrm
788 2698 862 2778 ego
876 2671 1128 2750 determinare.
1182 2743 1184 2750 ,
1227 2671 1406 2752 sitiones
1422 2674 1494 2752 scil.
1515 2675 1584 2756 illae
1597 2674 1723 2752 bruto·

78 2791 178 2871 rum,
236 2799 295 2850 uae
310 2778 347 2850 in
362 2777 547 2851 nonnuliis
568 2776 821 2876 reperiuntur,
839 2796 942 2888 pene
964 2773 1132 2849 humanis
1151 2771 1307 2871 similo,
1344 2775 1519 2852 videntur
1537 2772 1663 2854 testari·
1676 2775 1738 2852 de-

79 2867 185 2968 aiiqua
203 2800 374 2951 iistinsia
387 2876 455 2952 abi
485 2873 524 2950 so
550 2897 712 2976 corpore
731 2871 891 2972 essenus,
917 2874 956 2947 in
976 2897 1088 2972 quam
1109 2873 1195 2950 tnles
1207 2871 1369 2948 essiones
1384 2873 1521 2951 cedant.
1642 2871 1752 2960 utun,¹

81 2991 180 3063 quam
200 2979 302 3052 enim
317 3001 394 3054 non
407 2900 523 3050 deiint
542 2971 768 3073 Contestanis,
791 2999 874 3074 quae
890 2970 937 3048 ad
951 2973 1008 3052 illa
1028 2971 1293 3075 respondeant,
1317 2994 1491 3050 mammen
1506 3001 1583 3052 nou
1599 2980 1639 3052 vi
1665 3001 1726 3054 en·

80 3083 261 3174 tutusque
277 3075 370 3153 adeo
386 3097 464 3152 rem
481 3099 635 3152 omnem
651 3073 841 3152 conficere.
912 3071 1079 3155 Studiose
1099 3075 1226 3152 omnia
1248 3073 1307 3150 iila
1327 3072 1505 3178 congessit
1528 3075 1668 3151 Ancon.
1689 3077 1726 3150 le

76 3167 202 3251 Grnnd
221 3175 490 3277 indifferentiam
511 3178 550 3250 dc
569 3180 714 3250 carmria
748 3174 835 3276 ofin
854 3173 897 3252 is
912 3184 1142 3278 tagastensis
1158 3173 1269 3250 britia.
1346 3173 1506 3278 Legitur
1521 3175 1728 3252 &Hemici

83 3265 204 3350 Mohri
226 3279 375 3380 Epflosa,
390 3297 518 3376 -quam
539 3277 584 3353 ad
603 3275 713 3352 Curre
727 3302 805 3352 tum
818 3275 926 3378 super
938 3277 1014 3352 hoc
1027 3296 1249 3382 argumento
1264 3272 1419 3378 scripstt,
1441 3301 1526 3374 quae
1543 3277 1726 3378 reperitur

82 3375 109 3437 fn
129 3375 277 3476 Operibus
295 3377 371 3476 ejus
393 3378 607 3482 Pht'losttpbicis
626 3379 815 3465 satine-,An
834 3381 919 3461 sicis,
946 3399 1113 3464 necnon
1134 3373 1297 3475 ejusdem
1319 3377 1520 3450 bumana
1539 3377 1725 3478 Mrttpbtss·

83 3493 167 3558 cum,
214 3501 265 3553 ex
286 3475 359 3568 sola
379 3479 584 3555 mechanica
615 3479 776 3560 materiae
798 3404 1034 3578 tiisposttione
1056 3497 1186 3554 omnes
1205 3477 1438 3578 operationes
1459 3475 1723 3554 deducentibus
1775 3491 1778 3500 ’

85 3571 318 3676 oppofitum,
347 3581 515 3686 inprimis
547 3600 612 3680 cap.
639 3600 689 3668 ²4
728 3577 958 3681 Peripatetici
987 3575 1140 3656 fornffis
1169 3579 1323 3654 nimium
1352 3574 1493 3680 sapiunt
1523 3579 1617 3654 circa
1650 3580 1723 3654 ani·

84 3689 172 3748 marn
188 3675 385 3768 brutorum
407 3675 717 3782 investigandtm,
741 3675 892 3776 quando
910 3679 949 3752 iu
963 3699 1021 3756 tot
1040 3678 1275 3756 facultates&
1290 3680 1472 3780 potentins
1486 3675 1741 3782 distinguunt,

86 3789 158 3862 quar
180 3797 302 3855 tamen
328 3781 420 3856 nihii
443 3779 542 3880 sunt,
576 3803 688 3878 quom
715 3777 813 3854 nuda
833 3780 991 3874 nomina.
1095 3777 1493 3878 Cortefiani.(quorum
1514 3776 1726 3857 sententiam

85 3871 181 3948 etium
197 3877 345 3964 Honor.
364 3879 498 3979 Fabri,
525 3877 793 3978 Aristotelicas,
815 3889 849 3950 ἐκ
862 3877 912 3952 sib.
930 3881 969 3952 de
980 3883 1099 3982 plantis
1112 3906 1149 3953 ac
1158 3889 1360 3982 gomarium
1371 3881 1573 3966 mansion,
1604 3880 1723 3958 ferme

87 3964 255 4078 sequitur)
274 3983 429 4058 nimium
447 3981 508 4056 hic
528 3978 702 4056 videntur
726 3977 920 4081 pntadoxi,
971 4005 1055 4056 cum
1074 3981 1206 4056 animal
1231 4002 1308 4057 non
1324 3979 1446 4078 aliter,
1475 4003 1586 4079 quam
1605 3980 1726 4060 Auto-
1805 4036 1810 4042 -

88 4085 220 4176 maron,
245 4079 492 4180 considerant,
524 4080 625 4178 cujus
644 4102 767 4157 motus
790 4081 962 4180 interior,
987 4103 1100 4180 quem
1113 4077 1350 4158 senstttionem
1370 4079 1537 4180 dicimus,
1560 4080 1605 4159 ab
1626 4083 1725 4181 obje-

89 4162 142 4242 {io
155 4174 276 4278 aliquo
290 4183 493 4284 proveniat.
542 4179 612 4256 Sed
625 4181 736 4257 iliosis
751 4178 903 4257 sortaffis
915 4183 951 4256 in
966 4203 1145 4257 aereruum
1158 4179 1451 4276 nondecidetur;
1473 4186 1742 4285 utriqueenim·

89 4275 172 4440 parui
185 4275 242 4354 sua
256 4279 337 4358 sunt
349 4303 583 4386 arguments,
608 4277 848 4357 edomesticis
865 4281 1053 4383 principiis
1072 4277 1239 4378 for'mntn,
1266 4306 1350 4380 quae
1371 4307 1456 4358 carn
1475 4309 1553 4372 non
1570 4283 1725 4360 demon·
1772 4311 1776 4316 ·

131 4376 179 4448 ari
198 4379 353 4482 possint,
376 4405 422 4457 an
438 4406 523 4460 veta
537 4384 597 4458 vel
610 4379 690 4458 fatu
704 4379 791 4480 sint,
826 4404 980 4460 autenm
1000 4380 1256 4474 certitudinem
1270 4381 1445 4482 habeant,
1459 4449 1469 4462 ,
1484 4407 1523 4462 ut
1543 4383 1666 4464 stntim
1679 4381 1727 4460 as·

92 4461 217 4550 sensum
234 4482 396 4582 eliciant,
431 4481 591 4580 nonest,
611 4504 653 4558 ut
676 4485 720 4560 ali
749 4507 834 4559 uam
856 4485 893 4558 in
911 4479 1100 4559 sententiis
1114 4480 1188 4560 isiis
1207 4482 1461 4560 certitudinem
1479 4481 1735 4589 expestemus·
1761 4556 1764 4561 .
1821 4489 1827 4494 '

91 4560 259 4658 Subtilitts
271 4586 368 4660 enim
380 4586 434 4662 rei
454 4581 655 4662 intellectus
676 4609 727 4668 uo
778 4579 989 4784 imppsiias
1005 4579 1157 4666 excedit
1217 4583 1314 4666 Non
1329 4582 1381 4664 est
1394 4584 1618 4686 vetofimile,
1641 4609 1741 4768 epm
1807 4662 1812 4674 .
1861 4649 1865 4658 ,

350 4737 364 4758 κ.
752 4711 755 4718 ’
920 4691 975 4781 u)
1028 4709 1046 4780 3
1125 4751 1129 4758 .
1382 4699 1386 4709 '
1609 4689 1650 4768 ui
1673 4711 1730 4766 ca
