3876 5234
104 3473 108 3481 ’
244 3487 428 3565 nimorum
441 3491 639 3573 corporum
652 3464 772 3568 figuris
793 3467 1020 3569 dependent
1094 3468 1194 3546 Hinc
1213 3477 1313 3548 enim
1335 3477 1449 3552 virias
1471 3469 1685 3552 tffediones

28 3689 31 3696 y
107 3621 110 3626 -
192 3649 194 3652 ,
245 3603 422 3684 corpora,
446 3569 544 3650 sive
558 3594 580 3647 e
594 3568 775 3672 particulis
789 3566 960 3670 globosis,
985 3568 1043 3646 vel
1058 3569 1224 3664 hamatis,
1249 3572 1305 3650 vel
1319 3571 1508 3676 oblongis,
1534 3575 1727 3660 constenti
1751 3595 1882 3678 quarum

246 267 322 352 0⁶4
393 251 396 256 ·
607 263 637 366 ss
736 193 895 350 sinisii.
911 239 1100 348 philosoph.
1119 243 1191 326 iii.
1212 246 1259 324 n.
1278 243 1375 328 riri.
1392 189 1444 364 i
1526 255 1532 275 *

208 457 223 501 s
245 455 380 539 magno
392 446 530 510 constu
542 431 760 506 niterentur.
810 419 944 501 Sedde
958 419 999 500 iis
1012 421 1154 526 plenius
1167 419 1284 510 aslum
1299 393 1492 527 estinciap.
1506 425 1545 500 de
1558 427 1875 542 Epimiiinqundu.

246 541 306 620 bia
320 560 398 617 non
411 557 525 638 pauca
542 529 584 606 'in
606 525 767 607 medium
785 523 1019 618 adduximus,
1041 548 1123 625 que
1143 523 1287 602 istarum
1309 523 1565 628 hypophesium¹
1583 547 1736 604 rationes
1770 528 1876 626 infrin-

185 658 190 666 “
237 663 353 747 ¹gant,
376 636 439 712 hic
453 655 530 712 non
544 628 753 732 repetenda.
812 626 869 716 ,id
884 649 1024 704 certum
1044 627 1119 717 est,
1141 625 1313 730 expedire
1337 625 1372 706 se
1394 630 1616 706 Atomofflm
1637 626 1772 706 summ
1791 636 1875 706 m

247 769 327 826 non
341 735 485 844 polseE
514 731 673 854 eureos,
695 727 759 807 nisi
773 731 962 807 aetheteam
979 728 1090 806 etiam
1108 727 1262 830 aliquam
1285 746 1446 842 naturam
1469 729 1509 805 in
1529 727 1717 843 subsidium
1743 755 1877 824 vocent,

247 835 639 1012 seruerim
662 827 1743 1033 isiriiiiiitrmrrsir,riarium
1757 831 1878 1008 alr

247 945 469 1127 Zdltdihlhhc
484 987 762 1140 philosophandi
774 1033 951 1117 rationem
972 953 1194 1123 institissent,
1213 955 1481 1110 memofflnon
1501 957 1666 1132 exclhfit,
1692 1032 1729 1109 dt
1743 1032 1876 1136 spiritum

246 1150 420 1250 aliquem,
444 1163 563 1218 rerum
578 1133 823 1214 architedum.
876 1131 1030 1212 Idem&
1050 1131 1195 1211 Borello
1211 1132 1418 1218 videbatur,
1443 1133 1491 1211 de
1507 1159 1583 1237 quo
1604 1139 1668 1208 loci
1679 1133 1876 1239 supracitato.
1927 1207 1928 1232 Ν

247 1251 323 1355 Qui
338 1247 407 1342 'ram
422 1237 710 1338 corpusculatem
723 1237 819 1316 hanc
830 1233 1031 1314 dodrinam
1044 1233 1330 1337 ampleduntur,
1354 1259 1434 1331 non
1453 1235 1548 1314 adeo
1575 1233 1743 1314 diffident
1757 1261 1781 1314 s
1796 1253 1876 1313 cete·

244 1352 310 1445 ris,
331 1367 373 1426 ut
385 1341 563 1448 componi
576 1364 660 1417 cuin
672 1337 738 1415 illis
750 1355 963 1441 nequeant,
976 1361 1179 1438 quanquam
1195 1335 1369 1440 Epicurus
1382 1337 1568 1438 aliquanto
1582 1337 1725 1439 longius
1746 1337 1877 1428 recedat,

167 1471 175 1490 ²
247 1451 311 1558 qui
326 1440 551 1538 tamemvel
566 1441 720 1527 invitus,
745 1440 852 1520 etiam
864 1438 904 1516 in
923 1439 1076 1516 aliorum
1099 1437 1206 1516 castrt
1229 1439 1472 1541 compellitur.
1523 1443 1562 1517 N
1613 1443 1877 1540 uestrumque

248 1573 405 1654 corpora
420 1546 521 1650 misia
535 1541 662 1630 resolvi
675 1540 820 1645 poliunt
841 1539 1066 1620 inminimts
1086 1540 1297 1642 particulas,
1322 1559 1425 1620 cerro
1447 1539 1571 1658 modo·
1611 1559 1768 1657 puratis,
1790 1551 1887 1642 atque·

249 1653 414 1737 cialibus
427 1648 558 1728 iterum
571 1644 767 1746 componi,
792 1642 880 1718 idco
901 1639 1108 1743 negandum
1123 1641 1193 1738 est,
1218 1663 1239 1717 e
1261 1642 1494 1746 propioribus
1518 1643 1723 1745 principos,
1748 1663 1878 1744 quatuor

247 1759 382 1839 scilicet
404 1746 618 1844 Elementis,
644 1767 705 1824 aut
730 1743 920 1849 principiis
931 1743 1134 1844 'chymicis‚
1158 1763 1199 1821 ea
1220 1743 1396 1846 componi
1419 1743 1531 1846 posse.
1606 1743 1786 1823 Resolmlo
1802 1742 1879 1820 enini

214 1896 219 1906 ·
247 1879 445 1960 corporum
459 1860 500 1929 in
518 1847 665 1925 minima
678 1871 755 1925 non
781 1843 932 1960 impedit
953 1843 1083 1922 illame
1105 1844 1293 2023 principiis
1315 1845 1546 1961 propioribus
1578 1845 1881 1932 oombinttionein,

109 1961 113 1968 '
246 1961 309 2044 sed
323 1953 509 2037 substantia
522 1972 666 2028 tantum
678 1971 878 2066 corporum
893 1945 1117 2024 imminuitur
1130 1969 1456 2050 peraterationem
1469 1945 1693 2050 quantitatis,
1705 1971 1746 2026 ac
1758 1943 1880 2051 poliunt

249 2072 358 2144 etiarn
374 2061 412 2136 iii
426 2052 584 2136 minimis
599 2049 778 2152 particulis
792 2048 851 2126 vel
865 2047 999 2126 diversa
1015 2046 1085 2124 else
1098 2071 1229 2150 genera
1243 2048 1541 2152 corpusculorum
1563 2049 1788 2152 tricorporis
1800 2071 1882 2126 coin·

144 2238 152 2248 ,
245 2165 463 2274 politionem
478 2152 759 2249 destinatorum,
782 2150 839 2226 vel
855 2147 1063 2250 iugula-ista
1077 2149 1286 2254 corpuscula
1300 2151 1419 2228 adhue
1431 2150 1492 2230 sibi
1506 2149 1671 2247 adjunda
1687 2150 1813 2236 hibent
1824 2147 1882 2240 alia,

249 2290 408 2373 quorum
423 2253 680 2371 commistiqne
695 2253 933 2358 componitur
947 2269 1070 2332 totum
1085 2277 1246 2358 corpus
1281 2252 1518 2432 quocunque
1533 2249 1603 2347 itm
1616 2249 1882 2331 modoconside

247 2391 367 2452 remus
381 2357 566 2467 particulas
581 2379 763 2442 minimas,
789 2354 953 2432 videmus
969 2353 1118 2455 quidem
1132 2361 1171 2430 in
1193 2353 1265 2432 illas
1279 2380 1318 2430 re
1333 2354 1408 2432 olvi
1431 2378 1587 2457 corpora
1612 2354 1730 2458 posse,
1756 2353 1810 2432 sed
1823 2350 1882 2430 solo

248 2467 348 2553 sensu
364 2487 492 2543 eorum
515 2464 624 2536 etiarn
645 2455 940 2558 corpusculorum
963 2462 1060 2532 inter
1080 2453 1115 2532 se
1136 2454 1357 2535 differentias
1379 2479 1457 2534 non
1478 2455 1813 2558 deprehendemus,
1832 2449 1883 2530 nili

246 2597 305 2652 eas
320 2565 418 2648 sensu
434 2557 696 2646 exaniinemus,
720 2579 805 2632 cum
819 2557 859 2632 in
874 2580 922 2631 eo
936 2553 1027 2635 statu
1046 2551 1145 2648 sunt,
1170 2578 1212 2635 ut
1234 2555 1285 2634 ob
1309 2557 1635 2658 conglobatlonem
1658 2556 1753 2638 suam
1774 2555 1883 2636 cadere

246 2673 311 2754 sub
325 2665 464 2748 sensum
477 2657 622 2764 possint⁴
679 2655 1001 2760 Quemadmodum
1026 2655 1098 2745 illis
1119 2655 1259 2760 detegit
1280 2681 1547 2762 nonnunquam
1568 2683 1627 2740 ars
1649 2655 1834 2763 Chymica,
1852 2655 1883 2732 iii

218 2815 220 2822 v
248 2797 323 2878 quo
337 2788 461 2849 tamen
481 2771 563 2841 non
584 2781 703 2859 usque
724 2757 817 2835 adeo
849 2758 959 2836 etiam
991 2757 1251 2861 conquiescere
1282 2759 1486 2863 possumus,
1511 2786 1598 2840 cum
1612 2787 1714 2862 raro,
1732 2762 1785 2840 vel
1807 2782 1882 2838 nun·

126 3007 129 3017 .
211 2897 378 3057 ria
393 2857 1669 3070 rmirirriiersmnillinire·

963 3063 971 3077 .
1245 3021 1258 3062 ν
1874 3015 1881 3034 ·

47 3057 52 3064 ’
157 3067 167 3090 '
245 3079 411 3177 Ideoque
424 3095 503 3150 non
516 3061 778 3152 contradicunt
787 3061 894 3148 aliis,
909 3085 973 3162 qui
988 3060 1274 3164 corpuscularem
1295 3063 1495 3145 doslrinim
1519 3063 1739 3168 sequuntur,
1764 3066 1821 3170 qui
1842 3087 1882 3140 ra·

242 3178 380 3262 meniu
396 3198 443 3250 eo
457 3185 631 3274 peccant,
653 3163 758 3264 quod
772 3187 794 3240 e
808 3161 890 3240 solis
906 3161 1128 3266 'corpusculis
1153 3165 1318 3283 omnium
1333 3191 1532 3270 corporum
1555 3167 1765 3264 mistiones,
1788 3167 1882 3245 dire·

243 3307 323 3364 rum
338 3273 474 3358 causas,
498 3265 691 3344 deducant
728 3264 815 3380 ‘Sed
831 3265 990 3343 tenenda
1004 3263 1191 3344 dtamen
1208 3265 1357 3347 finniter
1372 3266 1673 3372 corpusculorum
1698 3271 1751 3348 illa
1766 3265 1881 3347 dodri·

245 3411 311 3483 na,
339 3377 413 3456 sine
427 3395 501 3475 qua·
511 3367 622 3446 multa
643 3363 865 3444 nescirentur
883 3371 924 3442 ln
946 3363 1120 3466 Physicis,
1145 3367 1309 3472 inprimis
1330 3377 1561 3474 operationes
1583 3371 1680 3462 istoe,
1706 3365 1882 3552 idrhuenntih

244 3680 473 3766 affectionum
487 3670 580 3750 mdo
597 3667 837 3785 pulcherrime
850 3667 902 3746 ob
917 3674 1048 3748 oculos
1069 3672 1160 3775 poni
1183 3674 1305 3776 potest
1325 3673 1382 3754 illa
1403 3674 1656 3778 particularum
1679 3675 1882 3780 figuratione.

242 3785 334 3878 sed,
359 3805 404 3858 aia
421 3802 462 3856 et
476 3773 681 3853 solaomnia
700 3767 865 3874 expediri
886 3769 1038 3874 poliint,
1061 3796 1133 3876 ego
1155 3798 1236 3853 non
1257 3774 1415 3854 dixerim.
1466 3777 1690 3882 Quanquam
1713 3787 1808 3858 enim
1828 3777 1883 3852 mi·

245 3887 344 3999 nims
362 3872 603 3995 certpomodo
625 3868 695 3990 sint
718 3869 884 3973 figurata,
909 3896 989 3950 non
1009 3894 1130 3952 tamen
1163 3875 1498 3970 determinabimus,
1522 3903 1567 3958 ao
1582 3879 1711 3966 omnis
1739 3873 1884 3984 corporis

245 3988 389 4082 alicuius
402 3999 547 4093 minima
559 3997 635 4077 pari
653 3972 771 4049 modo
784 3969 1029 4074 sintfigurata,
1054 4000 1180 4056 annon
1195 4001 1217 4054 e
1232 3977 1391 4057 diverfis'
1420 3978 1885 4080 articulisconstentcorpo·

243 4093 304 4172 ra?
330 4105 454 4163 annon
467 4071 563 4156 aliud
577 4071 669 4176 quid
683 4070 786 4190 adsit,
800 4074 901 4152 sensu
914 4097 992 4152 non
1010 4099 1120 4178 perce
1164 4076 1260 4180 ibile,
1275 4079 1379 4181 quod
1465 4079 1561 4160 cvel
1581 4079 1884 4187 illamqualltttsm

241 4183 432 4372 {imperties
446 4174 849 4357 qqqnqpahqcmqptiiqrffie
863 4176 1100 4354 certasaliqua·
1130 4203 1215 4357 guqa
1233 4179 1471 4362 esorpfiqsscplari
1480 4191 1679 4286 operetur?
1767 4181 1885 4262 iescen·

243 4307 472 4476 sinidiiise
498 4403 582 4467 cum
596 4299 1358 4498 indimiffiiii‘lii'iihiiim
1385 4281 1774 4481 hhiifiinffin
1787 4305 1885 4485 iiiiii

243 4491 511 4598 consequentis,
525 4477 709 4562 concluso
720 4503 840 4562 eviiici
853 4481 983 4584 potest
1005 4483 1131 4587 Qtrc
1142 4505 1223 4570 tum
1235 4483 1495 4604 suspicionibus
1516 4483 1885 4587 &conjedmlsloms

1829 4585 1884 4682 eii,
