3964 5218
374 269 377 280 ’
456 287 543 395 Cap.
558 287 700 380 xxia,
739 287 799 369 De
824 287 1093 396 lffirprtmoram
1109 289 1310 395 Corpoutm,
1336 287 1411 373 tac.
1546 352 1548 371 .
1694 233 1776 403 tw

96 459 233 540 dicam'
243 455 300 538 de'
311 460 521 566 vulgaribus
534 461 665 540 usibus.
719 463 820 541 Tota
834 461 1007 566 bemia,
1024 487 1109 540 cum
1122 466 1226 540 omni
1240 485 1414 566 apparatu
1427 461 1504 566 suo,
1518 465 1563 542 ad
1579 465 1771 576 illumper=

97 567 220 662 tinet,
246 587 318 665 qpa
334 585 410 639 arte
426 563 586 645 divinius
603 564 640 642 ὃ(
656 563 880 667 praestantius
900 561 991 639 nihil
1006 567 1256 667 excogitatum
1270 557 1347 640 est:
1385 565 1441 640 illa
1461 569 1557 644 enim
1573 571 1672 668 quast
1689 579 1767 652 imi.

98 666 179 741 tari
196 677 312 766 opera
322 661 448 740 Dei&
465 678 604 740 naturae
618 664 784 763 videtur,
810 665 949 762 destruit,
964 661 1113 760 ‚edificem
1135 685 1243 736 mutat
1257 659 1588 788 queraturoruaap,
1607 669 1717 778 fingit
1729 677 1768 756 dr

98 761 203 840 resin
233 766 261 839 it
280 765 413 843 omnia.
464 765 611 868 Ignium
624 767 733 841 variae
746 767 909 870 origines
924 761 1130 864 deforma,
1156 765 1198 842 δι
1211 764 1314 842 modi
1331 763 1563 868 producenda
1586 792 1659 847 tam
1677 779 1772 853 varii-

100 789 247 942 suntbt
263 865 388 963 multi,
408 886 451 940 ut
469 888 606 969 magno
625 863 816 941 volumine
835 867 920 964 quis
941 863 1109 942 nonsatis
1124 865 1290 966 explicet.
1366 867 1518 942 Utina'rn
1532 869 1625 947 Rob.
1643 873 1768 976 Boylii

99 964 327 1042 haberemus
348 985 395 1040 eo
414 963 461 1040 de
476 988 697 1068 argumento
709 963 895 1065 scriptum,
921 961 1026 1062 quod
1039 963 1194 1041 flammis
1208 966 1328 1064 periit,
1353 965 1522 1042 multaab
1542 969 1605 1047 illo
1621 971 1767 1052 docere-

96 1075 202 1140 mur.
276 1063 450 1164 Antiquis
478 1067 738 1141 accuratiorem
758 1061 859 1140 fuisse
879 1065 1024 1166 ignium
1047 1066 1312 1168 cognitionem,
1326 1061 1485 1142 historiae
1500 1065 1767 1177 demonstrant,

99 1164 222 1242 multa
236 1166 335 1240 enim
349 1163 557 1242 admiranda
571 1165 794 1244 secretorum
808 1165 950 1267 ignium
965 1167 1178 1266 cognitione
1191 1161 1333 1240 efficere
1349 1188 1569 1269 potuerunt,
1587 1197 1677 1270 quae
1697 1202 1766 1256 nos

102 1265 243 1340 imitari
255 1289 333 1344 nou
350 1261 561 1370 possumus;
615 1263 690 1342 uod
708 1261 935 1342 manifestum
947 1285 1206 1367 argumentum
1220 1261 1281 1361 est,
1295 1264 1377 1366 plus
1392 1266 1475 1343 illos
1490 1275 1766 1370 operationibus

102 1363 280 1470 predicis
304 1365 485 1472 chymicis
500 1363 582 1442 ded'
635 1426 645 1465 ,
669 1389 781 1463 quam
798 1387 866 1443 nos
881 1363 979 1440 sorte
993 1363 1184 1440 credimus.
1258 1363 1340 1440 imo
1358 1365 1543 1468 lampades
1557 1371 1625 1447 illae
1638 1375 1766 1454 arden·

103 1487 165 1544 tes
190 1467 228 1546 dt
256 1465 416 1554 lucentes
470 1467 508 1540 in
533 1463 733 1567 sepulchris
755 1486 929 1567 repertae,
973 1463 1090 1542 testari
1113 1485 1153 1540 ea
1167 1463 1267 1544 dere
1288 1463 1455 1570 possunt,
1490 1467 1537 1543 de
1557 1471 1690 1569 quibus
1705 1502 1764 1556 va·
1856 1513 1860 1521 ·

101 1570 161 1646 rie
178 1591 196 1643 a
213 1567 397 1644 nonnuliis
415 1525 604 1664 disseritur,
629 1587 740 1642 nemo
753 1587 875 1644 autem
890 1567 983 1642 inter
998 1565 1078 1642 illos
1092 1586 1314 1667 expromere
1328 1589 1457 1644 veram
1473 1592 1603 1648 eorum
1618 1574 1764 1676 ignium

100 1671 290 1745 rationem
306 1669 442 1769 potuit.
543 1665 747 1743 Videantur
762 1687 892 1744 omnes
915 1663 1099 1741 sententiar
1122 1661 1305 1768 congestae
1323 1665 1422 1768 apud
1445 1667 1626 1748 Sorellum
1644 1675 1682 1749 in
1705 1677 1765 1756 sua

95 1769 234 1870 J‘cr'enria
254 1765 442 1868 Umuerfiall,
472 1771 557 1862 Τρνη.
565 1791 595 1860 5.
607 1787 679 1870 pag.
694 1775 738 1849 tr.
786 1763 1199 1844 Hermolaus‘Barbarus
1217 1786 1316 1844 certe
1332 1769 1428 1843 inter
1442 1767 1576 1846 secreta
1594 1773 1763 1874 chymica

104 1893 173 1946 eos
188 1870 292 1971 ignes
305 1867 446 1962 retulit,
472 1867 511 1942 ὅ(
525 1887 571 1944 ex
584 1891 673 1944 auro
692 1887 859 1969 paratum
878 1863 980 1942 suilse
1000 1866 1185 1965 liquorem
1202 1863 1369 1943 oleosum
1386 1867 1574 1971 existimat,
1613 1878 1676 1971 qui
1694 1903 1763 1979 po-

105 1971 223 2046 tuerit
236 1969 332 2044 intra
346 1969 484 2065 ultrum
504 1965 692 2045 conclusus
708 1967 746 2044 dt
761 1964 924 2044 incensus
937 1965 1064 2042 ardere
1087 1965 1125 2043 ἃ
1147 1965 1279 2064 lucere,
1304 1965 1455 2044 admisso
1471 1993 1593 2053 autem
1607 1983 1689 2050 a‘e're
1702 1976 1766 2056 sta·

105 2072 177 2147 tim
193 2067 374 2144 extintrus
387 2065 508 2168 fuerit,
533 2066 635 2168 quod
678 2067 802 2144 uidem
817 2088 955 2142 temere
969 2063 1042 2142 dici
1057 2091 1134 2142 non
1145 2063 1276 2167 potest.
1325 2066 1410 2142 Vid.
1428 2067 1571 2146 Claudii
1589 2071 1770 2155 Guichar-

104 2167 146 2245 di
162 2163 334 2265 discursus
351 2169 389 2242 iu
403 2166 498 2246 libro
516 2165 593 2266 suo,
609 2094 747 2242 Gdlice
761 2165 915 2339 scripto,
926 2233 932 2245 s
942 2167 981 2240 dr
999 2164 1125 2238 Rirllus
1136 2165 1337 2262 funeralibus
1354 2173 1534 2242 Graecorunr
1549 2169 1593 2246 cs
1604 2176 1765 2250 Romano·

103 2297 200 2356 rum,
224 2265 271 2342 de
293 2267 349 2344 his
370 2265 593 2371 lampadibus
614 2264 825 2369 sepulchrali
852 2289 893 2342 us
917 2265 955 2344 br
971 2264 1218 2346 subterraneis.
1317 2265 1413 2344 Non
1436 2267 1654 2368 crediderim
1678 2299 1753 2378 ego

108 2367 216 2472 quod
241 2369 353 2474 aliqui
376 2386 526 2469 putant,
558 2365 699 2444 illusum
721 2363 821 2439 fuisse
836 2365 903 2442 illis
923 2363 1107 2468 phasmate
1127 2363 1276 2464 aliquo.;
1312 2364 1396 2442 nam'
1415 2390 1513 2446 certe
1533 2370 1735 2452 constanse

106 2471 313 2550 multorum
331 2467 377 2544 de
395 2491 434 2544 ea
449 2491 489 2542 re
508 2466 663 2544 traditio.
716 2464 910 2564 Chynaicae
923 2467 991 2542 arti
1008 2462 1284 2542 adscribendum
1300 2487 1399 2546 certe
1417 2463 1468 2544 est
1481 2470 1547 2548 tale
1559 2471 1763 2577 artificium,
1826 2479 1828 2484 ’
1942 2557 1944 2566 ,

108 2563 1766 2781 alterat-aahit,aestimassecellarariusattath

107 2774 300 2849 variorum
318 2693 426 2870 super
442 2769 511 2846 hec
527 2767 848 2880 recogitationes,
874 2765 1005 2881 quibus
1022 2787 1142 2840 tamen
1158 2765 1330 2842 omnibus
1351 2767 1442 2882 nihil
1463 2775 1554 2848 certi
1566 2771 1674 2876 inest,
1699 2775 1765 2856 nisr

108 2867 214 2973 quod
239 2892 357 2971 nuper
373 2867 576 2947 admodum
599 2869 653 2943 ab.
668 2862 1101 2967 artificibus'qurbusdam
1126 2863 1353 2965 produslum
1375 2891 1413 2942 tn
1433 2868 1552 2948 lucem
1567 2873 1678 2952 suerit
1696 2902 1765 2978 per

108 2995 226 3052 artem
247 2969 453 3072 chymicam
475 2969 545 3046 tale
562 2965 711 3068 aliquod
737 2984 873 3048 naturae
895 2964 1195 3068 phaenomenon,
1221 2964 1324 3062 quod
1349 2965 1619 3066 possibilitatem
1641 2978 1765 3055 talium

111 3073 256 3178 ignium
270 3067 445 3148 ostendat.
498 3070 651 3148 Materia
670 3065 767 3144 haud
788 3063 898 3144 dubie
910 3066 1048 3142 nitrum
1061 3062 1125 3164 elig
1149 3086 1264 3164 equo
1278 3070 1475 3167 proeparari
1489 3067 1636 3170 possunt
1679 3098 1764 3174 quae

112 3167 345 3268 lucidabat,
371 3193 674 3277 quanquamnon
688 3169 780 3244 adeo
803 3166 895 3242 clare
917 3165 956 3244 di
976 3161 1174 3280 distinsiu
1201 3163 1287 3267 Qu
1307 3167 1346 3281 il}
1368 3166 1539 3269 sententia
1560 3134 1773 3276 effllbrmor¹

113 3271 231 3370 aJoh.
247 3268 445 3370 Mayovio‚
470 3271 534 3369 qui
546 3269 663 3348 lucem
688 3291 840 3344 omnem
854 3264 1038 3366 particubs
1052 3263 1120 3339 suis
1140 3275 1366 3342 nitro-uerus
1386 3265 1586 3347 adscribere
1609 3299 1686 3350 non
1704 3301 1767 3354 ve·

112 3371 223 3452 retur.
274 3367 324 3446 Et
337 3368 488 3468 quidem
506 3369 596 3446 Chr.
620 3365 690 3444 Ad.
708 3365 907 3444 balduinus
923 3363 1186 3465 Phosphorum
1207 3363 1673 3474 Hermeticumproduxit,
1694 3375 1770 3456 five
1832 3409 1835 3425 ⁴

114 3493 327 3581 magnetem
351 3471 508 3569 aliquem
533 3470 771 3567 luminarem‚
796 3483 1041 3567 praeparatum
1063 3463 1211 3562 aliquod
1226 3465 1466 3568 chymicum,
1491 3470 1594 3568 quod
1619 3487 1767 3554 exa'ere
1896 3491 1899 3498 ’

116 3573 316 3651 illuminato
329 3562 453 3646 lumen
469 3569 572 3648 suurn
586 3587 801 3643 mutuatur:
833 3563 1064 3666 Nuperrime
1084 3585 1206 3640 autem
1224 3565 1289 3641 alia
1315 3565 1484 3666 quaedam
1511 3576 1659 3650 materia
1705 3602 1781 3654 τεν
1807 3619 1809 3626 ·

116 3695 239 3779 parata
255 3663 452 3777 pet'attem
470 3667 532 3769 est,
557 3691 652 3770 quae,
672 3667 757 3742 illita
774 3665 944 3765 corpori,
969 3663 1057 3738 illud
1081 3663 1297 3742 intenebris
1317 3665 1454 3742 radiare
1475 3668 1583 3748 facit.··
1641 3603 1705 3750 Ed
1728 3678 1767 3756 ὅ(

115 3777 182 3851 alia
199 3774 345 3846 materia
360 3771 527 3870 inventa,
552 3793 647 3868 quae,
669 3768 768 3846 virro
787 3765 986 3840 hermetice
1001 3762 1154 3936 sigillato
1168 3763 1312 3864 inclusa,
1334 3790 1405 3868 per
1420 3770 1516 3845 vices
1531 3770 1771 3854 &intervalla

1 3947 2 3952 ,
118 3877 249 3950 lumen.
258 3871 415 3969 emittit,
441 3895 524 3970 quae
548 3887 744 3970 propterea
761 3861 972 3968 Phosphori
989 3861 1028 3938 fu
1041 3865 1204 3965 gurantis
1226 3867 1377 3940 nomine
1390 3864 1566 3945 salutatur.
1615 3873 1769 3980 Experi·

118 3995 284 4052 mentum
304 3969 378 4048 hoe
405 3967 562 4046 ostendit
583 3965 744 4044 Elesiori
764 3955 1103 4067 brandenburgensi
1126 3955 1266 4040 Dauni
1281 3961 1458 4065 Cranno,
1481 3970 1582 4069 cujus
1600 3978 1768 4054 notitiam
1800 4024 1802 4032 ,

121 4073 223 4153 dedit
239 4069 414 4176 Joh.Sig.
427 4069 651 4146 Elsholtzius
665 4069 705 4142 in
718 4061 967 4142 schediasmate
1011 4061 1147 4138 undam
1161 4063 1200 4138 dc
1216 4061 1400 4168 Ptffplorrs
1413 4088 1561 4166 quatuor.
1610 4073 1699 4177 Ejus
1711 4099 1773 4152 ve.

121 4201 165 4254 ro
186 4175 426 4250 inventorem
443 4169 526 4264 Jou.
553 4169 813 4264 Kuucuauuu,
844 4163 969 4238 Sereni
997 4163 1106 4237 ‚snt
1132 4162 1293 4240 Eleliori
1316 4188 1338 4237 a
1362 4164 1545 4246 laboribus
1568 4169 1774 4289 Chymicis,

122 4273 240 4353 laudat
254 4271 400 4374 Georg.
423 4268 530 4371 Casp.
549 4267 817 4343 Kirchmaierus
843 4265 880 4338 in
904 4261 963 4338 sua
985 4263 1329 4364 hainanhusun,
1356 4264 1395 4340 in
1417 4293 1488 4368 qua
1507 4269 1615 4374 hujus
1632 4275 1775 4353 inventi

126 4371 326 4478 occasione,
346 4371 462 4452 multu
483 4367 549 4447 alia
572 4367 619 4446 de
634 4365 858 4471 perennibus
876 4363 1031 4440 lucernis
1049 4359 1163 4440 affert.

908 4663 1120 4766 (auria
1372 4617 1511 4801 .
1603 4609 1784 4756 ΠΡ.
